2806 5088
258 422 302 495 uo
355 399 359 409 “
484 417 781 488 connunrnn.
813 417 860 486 ns
887 415 1091 487 cresson.

346 615 412 657 cum
435 596 555 656 scirem.
603 595 727 655 Videtur
754 597 868 677 glossae
898 599 1008 656 simile:
1045 595 1103 653 nisi
1123 593 1235 668 numeri
1257 611 1310 650 ex-

264 696 364 774 piendi
384 716 487 756 caussa
516 717 534 756 a
556 697 695 756 Cicerone
716 697 844 756 additum
867 711 927 773 est,
960 701 1011 790 (poi
1029 697 1143 756 sublato
1166 692 1223 750 boc
1245 695 1312 750 lan·

265 800 384 882 guidior
403 796 532 859 ridetur.
560 797 697 860 Ennoea
727 829 768 841 -
797 801 835 859 At
858 800 917 859 Cic.
939 800 968 859 si
988 819 1045 858 non
1066 798 1172 868 aoir'et,
1193 803 1312 872 poterat

266 901 352 959 illum
371 898 540 974 defenderet
568 893 667 960 verum
688 905 755 958 bum
778 901 874 961 sciret
894 912 1103 982 cognossetque
1125 893 1197 956 illud
1221 897 1313 956 male-

267 1003 388 1078 ficium,
408 1020 468 1060 non
489 1009 615 1079 poterat.
654 999 714 1059 Fa.
1200 983 1204 994 ¹

325 1193 329 1196 .
353 1132 383 1216 ξ.
403 1144 457 1201 20.
500 1137 676 1214 Marcellos,
696 1158 755 1220 pro
777 1137 864 1200 liuius
874 1139 1024 1223 periculis
1039 1139 1238 1214 lacrymantes
1258 1135 1315 1194 od·

270 1241 411 1320 spicere2
442 1259 541 1321 nequo.
592 1241 740 1323 Lacunam
770 1245 883 1321 explevi
920 1261 958 1298 ex
994 1238 1167 1299 membranis
1194 1236 1316 1297 Erfurd.

192 1321 200 1334 ¹
270 1350 355 1401 tanto
377 1345 541 1424 promtius,
565 1345 641 1420 quod
662 1344 781 1403 totidem
801 1347 931 1423 apicibus
956 1349 1106 1401 exstarent
1128 1342 1158 1397 in
1178 1339 1316 1398 Palatino

270 1461 361 1502 nono.
404 1443 538 1504 Meminit
567 1455 597 1503 et
625 1444 712 1504 huius
733 1448 790 1505 loci
812 1457 912 1506 noster
934 1445 1117 1504 Guilielmius
1140 1441 1177 1498 ad
1200 1439 1318 1498 Trucu-

270 1546 382 1603 lentum
404 1545 568 1605 Plautinam
598 1567 660 1623 cap.
685 1545 714 1604 b.
731 1549 842 1620 fluor.
882 1581 927 1592 --
960 1547 1034 1604 Ante
1056 1545 1174 1603 Gruter.
1197 1531 1318 1601 omitte-

271 1643 379 1703 bantur
400 1667 448 1706 ro.
468 1665 528 1726 pro
551 1646 639 1706 buius
656 1650 808 1727 periculis¹
830 1633 1023 1734 locr'imonies
1045 1645 1220 1724 adspicere,
1243 1662 1320 1719 quae

272 1746 315 1804 ita
337 1749 373 1806 ob
397 1741 623 1826 concinnitatem
645 1753 811 1828 necessaria
839 1752 911 1812 dicit
940 1747 1050 1822 Beck,
1078 1756 1112 1806 ut
1132 1753 1212 1804 recte
1234 1743 1319 1802 Gru-

274 1855 339 1907 tcro
363 1868 463 1910 omnes
488 1850 621 1930 obsecuti
643 1854 712 1910 sint.
740 1851 796 1910 Fu.
1179 1855 1190 1868 '

271 1967 276 1975 ·
330 1950 400 2009 ,Μ.
428 1949 592 2010 Messallae.
635 1953 674 2011 M.
703 1952 840 2012 Montila
866 1952 959 2031 Niger
992 1947 1192 2022 oratorian,
1233 1967 1322 2025 quem

275 2070 341 2110 eum
368 2048 407 2108 Μ.
429 2051 564 2110 Marcello
595 2055 737 2112 Asconius
767 2067 900 2112 numeret
930 2056 1008 2138 inter
1035 2050 1139 2109 Scauri
1166 2060 1322 2124 patronos.

275 2151 371 2212 Suuv.
398 2185 442 2197 -
477 2152 621 2213 Fortassis
651 2164 695 2224 est
723 2155 799 2213 idem
821 2155 973 2229 Messalla,
1007 2154 1057 2231 qui
1088 2152 1164 2208 inira
1186 2171 1247 2228 cap.
1272 2155 1324 2212 14.

275 2245 470 2330 menecratui,
509 2257 559 2332 qui
583 2256 698 2332 quidem
729 2273 756 2314 a.
779 2276 810 2316 u.
831 2257 903 2314 693.
933 2275 997 2312 cum
1020 2251 1060 2312 M.
1089 2253 1182 2330 Pupio
1212 2252 1325 2312 Pisone

277 2357 380 2414 consol
403 2355 478 2432 luit3
502 2357 552 2414 sod
573 2357 604 2414 id
626 2369 660 2415 ut
683 2368 727 2417 est
747 2359 922 2432 verisimile,
950 2360 991 2415 ita
1010 2375 1062 2434 pro
1086 2365 1165 2414 carto
1186 2352 1328 2440 affirmari

222 2533 226 2544 ι
276 2473 361 2532 posse
381 2467 473 2538 negat
496 2457 595 2524 Wolff.
624 2460 680 2522 Fu.
797 2491 799 2497 ·
1179 2512 1185 2520 .

216 2565 245 2581 ‘'
363 2575 465 2624 cauta·
508 2558 580 2620 Cum
608 2561 686 2621 bona
705 2579 796 2618 causa
818 2570 894 2619 esset
915 2559 948 2618 P.
971 2559 1088 2633 Sullae,
1113 2575 1174 2616 non
1202 2565 1237 2614 ut
1259 2557 1328 2616 Au·

278 2658 380 2716 tronii.
435 2660 481 2720 Aa
509 2645 673 2722 lenitatem‘
689 2663 784 2744 igitur
812 2670 842 2722 et
866 2661 1093 2722 misericordiam
1116 2660 1244 2736 ipsane
1267 2677 1330 2718 na-

279 2765 364 2832 tura,
390 2779 478 2820 causa
499 2775 560 2826 non
579 2765 768 2836 adversante,
786 2761 942 2822 adhortata
963 2771 1015 2820 est.
1043 2759 1169 2820 Manus}
1278 2795 1285 2810 ·

313 2933 319 2943 Ι
364 2856 493 2944 Suscepi
506 2894 550 2908 --
567 2866 698 2944 suscepi.
741 2863 837 2923 Huius
859 2856 1014 2942 ἓπᾳνόδου
1031 2863 1174 2932 Garatou.
1196 2864 1232 2921 ad
1252 2875 1333 2923 orat.

280 2978 335 3037 pro
351 2962 413 3024 Mil.
436 2983 500 3040 cap.
520 2967 572 3024 26.
604 2961 647 3048 (ὅ.
671 2959 738 3046 70.)
769 2961 844 3050 haec
867 2965 980 3042 profert
1004 2966 1152 3038 exempla:
1185 2985 1238 3043 pro
1262 2965 1336 3026 Mil.

281 3066 311 3140 8,
337 3067 470 3144 2l.,pro
497 3067 569 3127 Sull.
602 3071 652 3141 16,
669 3073 720 3129 46.
751 3066 835 3126 Verr.
855 3065 961 3141 v,45‚
980 3067 1051 3126 119.
1084 3068 1136 3138 su,
1154 3066 1252 3138 154„
1283 3065 1336 3126 Cf.

151 3179 156 3186 “
280 3165 366 3225 infra‘
388 3163 416 3239 ᾗ.
439 3170 491 3236 86.
541 3169 586 3230 De
612 3169 799 3247 suscipiendi
829 3171 916 3230 verbo
947 3169 984 3228 cf.
1011 3169 1089 3227 idem
1112 3169 1155 3252 xael
1176 3177 1253 3226 orat.
1275 3188 1337 3248 pro

281 3267 343 3327 Mil.
373 3289 435 3347 cap.
461 3272 514 3334 24,
551 3269 593 3350 (ξ.
615 3267 680 3350 66.)
717 3269 773 3331 Fa.

366 3363 447 3428 nollo
467 3373 609 3453 suspicio.
651 3371 731 3431 Haec
748 3393 861 3452 quoque
877 3375 967 3433 rerba
983 3393 1020 3432 ex
1035 3369 1106 3433 cod.
1126 3371 1188 3431 Eri.
1211 3379 1242 3430 ct
1265 3369 1338 3429 Pal.

281 3488 361 3531 nouo
379 3469 490 3530 addidit
504 3473 588 3532 Grut.
609 3485 660 3550 „et
674 3477 792 3551 explent
809 3495 945 3536 numeros
962 3476 1092 3552 periodi“
1107 3477 1202 3552 inquit
1219 3470 1338 3530 Beeki·

283 3591 318 3630 us
339 3574 403 3647 „ita
423 3582 457 3630 ut
477 3592 538 3632 non
553 3595 569 3630 e
583 3593 647 3648 cap.
660 3555 744 3653 bspr.
757 3594 775 3632 a
788 3569 915 3653 librariis
930 3573 1055 3653 repetita
1071 3573 1340 3636 videanturf‘rn.

366 3682 402 3731 ct
425 3693 521 3756 epcro.
561 3676 594 3735 ld
615 3686 678 3752 est,
698 3667 837 3752 ut'puto.
865 3678 960 3737 Suuv.

664 3829 752 3905 CA
782 3831 820 3903 P.
871 3830 947 3903 Vll.

369 3951 401 4025 ἦ.
423 3954 473 4011 21.
522 3968 644 4032 regnam
671 3974 773 4014 meum.
817 3955 1006 4032 liopotentein
1037 3955 1267 4017 dominationem
1313 3964 1345 4012 et

285 4055 404 4117 nimiam
433 4057 593 4130 potentiam
621 4062 653 4114 in
684 4057 833 4130 republica
868 4065 897 4114 et
925 4057 957 4112 iu
983 4055 1056 4114 loro.
1097 4055 1164 4114 Hoc
1196 4073 1346 4132 regnum,

286 4158 437 4232 praecipue
460 4157 586 4230 forense,
607 4175 691 4235 saepe
712 4157 813 4218 bostca
836 4157 1002 4216 obiecerunt
1024 4157 1132 4218 Tullio.
1153 4157 1277 4216 Guauv.
1300 4189 1348 4200 —-

287 4256 331 4316 cf.
354 4256 421 4318 adn.
446 4281 481 4320 ιιι.
503 4259 539 4317 ad
560 4260 752 4328 Quinctiliani
773 4259 814 4320 X.
841 4267 870 4322 1.
897 4261 969 4320 112.
1004 4260 1057 4320 Fls.
