2806 5088
221 407 471 495 nonnoso
501 406 538 472 r.
565 402 725 472 sumn.
779 403 874 474 css.
904 405 948 476 x.
1064 413 1108 480 57

68 612 152 658 eures
172 591 321 650 bominum
335 596 482 647 recreatae
495 583 651 644 audiebant
668 582 767 644 eedem
788 582 875 644 verbo
896 584 1018 659 leniter,
1036 586 1066 644 b.
1081 608 1107 647 e.

68 697 198 754 suaviter
220 693 422 772 pronunciato-
463 685 539 754 xNon
566 684 672 744 tribuit
692 683 794 746 Cicero
816 683 970 766 Torquato
991 689 1107 750 leudem

63 811 172 875 presse
201 792 381 870 loquentium
409 799 441 851 et
462 787 585 864 leniter-¹,-
619 784 696 844 nihu
719 787 800 846 enim
828 786 864 844 eb
890 787 946 847 boc
971 794 1042 868 loco
1062 806 1109 854 eet

66 896 162 976 megin
182 895 324 967 alienum3
349 909 452 955 verum
473 903 636 966 suppresso
655 890 730 946 eone
747 889 829 946 illum
851 891 925 952 dicit
945 911 1008 952 esse
1025 897 1110 955 loon-

66 1011 148 1069 tnm,
181 1004 217 1052 ut
236 995 299 1068 ipse
318 1011 371 1069 pro
389 989 495 1054 Flacco
515 991 567 1048 28.
587 985 630 1064 [b.
652 988 718 1065 66.]
735 988 903 1050 Semina
919 1009 989 1054 voce
1009 1015 1109 1076 agam

49 1107 184 1157 ,tonmm
205 1105 239 1152 ut
258 1093 372 1153 iudices
395 1091 530 1151 audiant.
576 1089 642 1149 Hoc
662 1091 759 1166 ipsum
783 1101 827 1150 eet
846 1091 1032 1175 fere,sqnod
1051 1097 1110 1170 Co,-

68 1200 160 1258 tullus
181 1195 279 1256 ondit:
307 1202 338 1252 et
363 1193 488 1268 devitem
516 1211 609 1269 neque
630 1193 708 1248 enim
728 1211 922 1270 synonymum
942 1203 1056 1276 posuit,
1076 1214 1110 1262 ut

68 1298 156 1358 Grot.
180 1299 312 1372 putevit:
348 1293 401 1354 red
426 1295 500 1352 elios
528 1291 630 1354 innuit
651 1311 723 1352 voce
741 1294 788 1352 uti
809 1293 932 1370 decore,
960 1319 1035 1377 quse
1053 1305 1111 1362 lees'

69 1399 304 1476 submissiorique
331 1399 430 1458 sonitu
460 1394 498 1454 ed
525 1413 610 1453 eures
636 1383 837 1472 adlaberetur,
865 1417 926 1457 non
952 1401 1004 1460 itte
1022 1403 1110 1465 sebe-

68 1501 160 1562 nenti
189 1510 218 1560 ct
239 1503 333 1571 cleto,
369 1517 427 1575 que
449 1495 593 1578 goudebot
614 1493 734 1556 Arrius:
952 1573 956 1580 ‚

200 1601 289 1676 Cum,
310 1608 452 1680 punctum
473 1606 618 1678 poterat,
640 1598 765 1660 diceret
786 1597 946 1660 dissidiae.

11 1745 12 1752 κ
67 1701 129 1762 Nec
152 1723 222 1762 snne
242 1701 348 1775 video,
374 1697 628 1780 quere'Groerios
649 1699 756 1758 leviter
778 1701 886 1773 audire
909 1705 1031 1781 probet,
1052 1727 1112 1768 non

11 1845 12 1850 η
68 1807 145 1862 item·
161 1804 267 1864 leviter
288 1802 405 1877 dicere,
427 1800 512 1877 quasi
536 1797 670 1858 catonus
692 1819 753 1859 non
776 1820 810 1860 ee
833 1805 1015 1884 significarit,
1038 1828 1113 1891 quse
1185 1787 1187 1800 ’

69 1906 176 1967 ieviter
199 1905 376 1962 dicerentur.
423 1902 469 1962 tta
488 1902 567 1978 quod
587 1921 632 1968 ox¹
644 1901 762 1962 Terent.
782 1902 805 1963 1.
822 1903 933 1969 Henut‘.
955 1908 983 1966 1.
1004 1910 1055 1969 62.
1075 1913 1114 1971 ed

11 2051 12 2060 ,
70 2005 179 2067 Cotult.
197 2010 217 2064 l.
242 2005 381 2064 medient
402 2001 448 2064 Cl.
464 1999 606 2080 vulpino,
625 2004 869 2066 Adolescentulno
894 2025 983 2088 saepe
1002 2011 1113 2089 emm,

11 2151 12 2178 2
71 2119 103 2168 et
125 2109 265 2186 graviter
289 2106 453 2178 audiendo,
490 2095 590 2170 vicies
615 2118 675 2186 eet,
709 2109 744 2168 de
772 2110 810 2167 iis
843 2119 940 2186 potest
973 2110 1113 2196 intelligi,

11 2271 12 2276 χ
71 2229 144 2287 quae
175 2229 260 2287 coepe
287 2209 484 2288 gravibusque
511 2207 608 2268 verbis
640 2227 659 2266 e
684 2219 767 2287 petre
797 2211 1006 2284 adolescentuli
1036 2216 1114 2275 dice·
1150 2243 1154 2262 u

55 2301 189 2384 bantur,
226 2312 286 2372 Sed
305 2313 440 2384 clariore,
461 2310 487 2367 ei
506 2313 563 2384 vis,
583 2310 685 2371 Ovidii
703 2321 773 2368 sunt
792 2313 970 2389 testimonie,
990 2335 1028 2376 ex
1048 2323 1115 2396 qui.

71 2413 127 2482 bus
148 2416 236 2474 celeb.
254 2411 437 2471 Burmannus
458 2410 566 2472 stt-111.
588 2407 709 2472 Heroid.
729 2411 780 2467 8⁰.
801 2430 901 2471 vocem
927 2413 1035 2478 leniter
1063 2420 1115 2480 ad.

72 2536 175 2578 versus
206 2513 391 2586 emendantes
409 2513 451 2570 dn
477 2509 532 2571 hoc
561 2512 656 2573 Tullii
682 2514 748 2569 loeo
771 2510 918 2583 defendit,
940 2519 1048 2582 nitente
1069 2535 1118 2582 et-

74 2636 132 2695 que
151 2617 330 2678 adsentiente
357 2613 400 2678 cl.
428 2615 553 2674 Ernesto
577 2618 610 2674 in
633 2614 697 2672 lnd.
721 2611 843 2671 Letinit.
884 2615 967 2676 Ntbil
989 2632 1034 2679 est
1054 2643 1118 2684 eer.

74 2695 251 2798 tinnientem
271 2718 322 2775 ubi
343 2716 378 2774 de
399 2733 470 2776 voee
490 2719 599 2800 egitur,
620 2715 728 2786 leniter
749 2711 787 2770 ed
806 2717 989 2794 suavitatem,
1010 2723 1119 2784 leviter

76 2832 175 2890 eutem
198 2822 235 2883 nd
263 2836 366 2878 sonum
388 2819 502 2894 proprie
521 2818 666 2894 pertinere
687 2835 888 2894 suppressum,
918 2821 1009 2880 levem
1029 2835 1119 2908 etque

75 2920 268 2983 submissum:
294 2927 330 2979 ut
357 2921 415 2978 inm
439 2920 535 2978 tribus
557 2919 616 2979 illis
638 2919 797 2995 codicibus,
819 2929 848 2978 et
874 2923 994 3000 siquos
1017 2923 1120 2989 hebuit

78 3007 229 3098 auctorem
251 3040 315 3081 enm
337 3021 428 3092 edidit
447 3019 574 3097 leniter,
601 3020 778 3096 Lambinus,
805 3021 923 3114 obsequi
944 3042 1029 3086 nemo
1050 3047 1120 3106 pos.

77 3128 125 3185 sit.
160 3125 326 3184 Gnouton.
732 3126 734 3134 '

164 3225 269 3284 audire
291 3222 419 3282 nolebat.
469 3227 554 3295 Quod
582 3216 671 3286 sciret
700 3245 750 3284 eoe
779 3228 877 3289 insere
906 3227 1121 3310 coniurationis

48 3336 54 3348 ¹
79 3325 151 3398 hoec
180 3335 278 3383 eutem
297 3324 332 3382 de
359 3327 579 3406 coninrntorum
600 3329 707 3388 sceiere
735 3336 765 3388 et
783 3328 906 3387 eudonis
928 3347 998 3388 erse
1025 3331 1119 3394 δην.

162 3425 266 3506 petbus
286 3443 318 3485 se
336 3423 517 3511 venditabat.
550 3428 608 3502 tir,
629 3432 681 3510 qni
703 3429 812 3486 circum
829 3426 971 3488 iudicium
992 3435 1119 3495 stobont.

77 3529 203 3601 Msuur.
230 3557 272 3585 -·.·
307 3530 341 3590 ld
365 3538 428 3603 est,
460 3539 493 3588 ut
520 3532 612 3612 vulgo
642 3532 764 3603 dicunt,
790 3534 967 3609 complacere
990 3534 1125 3608 soleret„

78 3633 174 3694 δην.
598 3645 599 3652 ’
1010 3644 1014 3658 ’

70 3773 72 3778 -
166 3730 270 3814 quiid
291 3728 549 3811 conprobatam.
595 3734 647 3796 Sic
677 3734 740 3796 edd.
769 3741 841 3792 vett.
866 3753 1030 3814 consensu,
1058 3755 1118 3800 non

71 3835 226 3917 probatis,
278 3836 373 3910 Atque
403 3835 446 3890 sic
477 3836 631 3915 legendum
662 3833 769 3898 dudum
798 3837 993 3914 contererem,
1029 3849 1118 3920 etque

22 3981 25 3988 .
81 3939 170 3996 etiem
194 3946 263 3996 ente
285 3938 318 3995 in
338 3936 452 4013 verbis,
484 3939 537 4018 poi
559 3941 596 4006 eo
616 3937 755 4018 probatis
777 3945 829 3997 eut
852 3940 1037 4019 probaretis.
1084 3941 1120 4000 in
1247 3987 1251 4002 .

80 4039 125 4099 ed.
147 4037 269 4110 Gruteri
296 4041 421 4116 primum
449 4057 603 4116 operosum
624 4059 723 4100 errore
743 4041 861 4113 irrepsit
875 4043 1032 4119 probatis:
1065 4061 1119 4099 nee

81 4141 112 4198 id
140 4141 373 4202 animadversum
403 4163 421 4202 e
450 4140 600 4202 Gronorio
630 4151 660 4202 et
687 4143 821 4242 Genesio.
868 4146 962 4221 Atque
984 4144 1122 4210 etiamid

82 4254 153 4322 puto
175 4244 342 4318 delendum:
360 4243 478 4310 deberet
498 4263 560 4310 esse
581 4263 636 4320 eo,
658 4255 691 4308 ut
710 4261 803 4324 rupre.
824 4243 961 4318 Eoum,
987 4273 1030 4302 -ψ
1059 4245 1119 4316 im,
