2786 5084
165 356 299 427 ouer.
325 351 414 435 uuo
447 353 485 422 e.
511 351 669 438 sueta.
726 319 821 423 cue.
845 353 974 427 xxiv.
1031 359 1092 434 ua

142 545 185 596 ut.
197 533 361 596 Catilinam
381 530 527 590 consulem
549 527 688 606 efficeret.
738 529 873 594 comitto
893 531 1001 599 habitis
1023 549 1091 613 pact

53 634 152 696 Sullae
174 637 397 696 damnationem.
425 634 520 694 δην.
777 620 780 627 Δ
1052 668 1054 674 ·

142 742 260 817 operas.
297 735 353 796 'Ut
381 735 511 794 seruitia
544 741 575 790 et
603 732 774 791 ministeria
804 735 837 792 ln
866 756 986 798 numero
1022 751 1091 802 tan-

52 845 114 896 tum
137 837 253 916 plurali
275 855 338 917 pro
368 837 465 894 seruis
494 843 524 892 et
558 834 701 892 ministris
738 832 798 894 dici
827 836 911 896 Valle
939 839 1015 900 libro
1039 843 1091 904 tv.

51 938 174 1006 scribit3
201 939 246 995 itu
266 937 342 1011 apud
364 937 532 996 Ciceronem
553 953 637 1012 saepe
658 936 792 996 iuvenire
813 939 882 998 licet
903 957 1012 1018 aperus
1029 943 1093 1006 dici

49 1058 104 1115 pro
138 1042 296 1129 operariis,¹
328 1057 401 1117 quos
425 1037 585 1096 conducere
614 1018 761 1112 actitant,
797 1040 849 1116 qui
874 1041 935 1100 uim
963 1043 1092 1122 aliquam

49 1140 255 1208 moliebantur.
296 1148 330 1196 ut
357 1141 389 1199 iu
411 1136 561 1198 Vatinium
592 1147 694 1198 testem
723 1136 802 1215 [esp.
822 1144 871 1201 17.
900 1140 1027 1220 §.40.]·
1043 1148 1092 1206 An

50 1244 115 1301 erit
131 1241 205 1300 boec
227 1244 306 1319 optio
330 1249 360 1298 et
376 1248 519 1320 potestas
543 1247 615 1314 tao,
646 1245 683 1298 at
705 1257 770 1298 cum
794 1237 956 1302 Clodianas
981 1262 1092 1326 operas

49 1354 82 1402 et
95 1343 345 1418 facinorosorum
375 1341 521 1400 bominum
542 1357 659 1398 manum
681 1340 810 1416 uideris,
843 1342 980 1405 Milonem
1007 1349 1093 1412 dicas

47 1441 273 1526 gladiatoribus
303 1453 334 1501 et
360 1443 511 1507 hostiariis
541 1441 690 1500 obsedisse
716 1441 932 1523 rempublicam.
971 1461 1011 1519 ¹ct
1037 1470 1092 1527 pro
1124 1422 1125 1427 ἵ

50 1549 140 1608 domo
170 1564 222 1603 sue
252 1542 330 1621 [cup.
353 1545 404 1602 3⁰.
438 1544 468 1618 ξ.
488 1541 553 1621 79.]
590 1541 748 1600 Consulum
770 1543 882 1605 bomini
912 1548 945 1608 P.
971 1549 1093 1612 Clodius

49 1666 160 1708 eversa
187 1645 344 1726 republica
366 1645 521 1704 ciuitatem
546 1644 677 1703 adimere
701 1646 820 1722 potnit,
848 1650 982 1710 concilio-
999 1629 1094 1712 adeo.

49 1760 142 1823 cato,
168 1747 319 1809 conductis
340 1747 440 1824 operis
462 1765 521 1824 non
542 1747 635 1805 solum
656 1747 816 1821 egentium,
848 1749 904 1810 sed
919 1752 1008 1810 etiam
1028 1773 1094 1814 ser.

48 1869 168 1911 vorum.
206 1839 240 1908 'et
261 1867 314 1926 pro
332 1847 367 1911 P.
388 1847 486 1907 Sestio
516 1845 593 1927 [cap.
611 1848 661 1905 12.
690 1841 719 1915 5.
736 1846 803 1925 27.]
832 1848 894 1918 Qui
916 1852 1020 1912 adesse
1039 1876 1095 1914 ao.

50 1952 214 2027 bilissimas
236 1949 455 2023 demerentes,
481 1947 700 2008 honestissimos
724 1948 840 2024 equites
863 1949 1012 2014 Romanos
1040 1959 1096 2016 de.

43 2061 231 2134 precatores
255 2049 363 2111 solutis
389 2050 630 2123 meai-iusserit,
648 2125 650 2132 ‚
667 2064 773 2128 coepue
795 2067 953 2131 operarum
973 2073 1095 2120 suornm

49 2154 169 2232 gladiis
188 2161 221 2226 et
241 2152 392 2233 lapidibus
414 2153 569 2211 obiecerit.
602 2151 696 2210 Stuv.

139 2273 232 2334 neque
251 2255 329 2312 enim
349 2257 474 2313 istorum
488 2253 676 2328 facinorum.
719 2250 826 2316 Probat
848 2251 950 2316 cicero
972 2279 1010 2319 ex
1031 2265 1096 2326 vitu

50 2367 125 2416 unte
146 2368 213 2416 ecta
229 2358 354 2434 crimen,
374 2355 409 2412 de
424 2373 481 2433 quc
495 2356 629 2432 quaestio
650 2363 706 2428 est,
727 2356 851 2434 coargui
870 2372 955 2430 posse
976 2372 1029 2422 eut
1048 2383 1098 2426 ue·

50 2459 157 2516 futuri.
187 2458 282 2518 Suuv.

137 2577 283 2638 persono.
320 2575 425 2618 mores.
466 2575 519 2634 pro
548 2553 662 2624 cluent.
684 2558 738 2618 29.
767 2559 809 2614 in.
858 2554 961 2616 Huius
982 2558 1099 2622 Stoloni

44 2679 190 2742 persona
211 2660 248 2719 ab
271 2657 350 2718 nulls
373 2659 459 2736 turpi
479 2657 647 2736 suspicione
660 2655 849 2715 abborrebat.
893 2661 1022 2740 suscipdt
1037 2666 1100 2721 eri-

50 2781 140 2836 men‚
160 2765 229 2822 telis
249 2772 304 2837 cst,
325 2769 360 2819 ut
376 2759 432 2820 hoe
451 2761 559 2823 crimen
578 2759 612 2816 in
629 2775 693 2818 eum
714 2761 822 2818 coniici
841 2760 945 2838 possit.
966 2761 1114 2843 Matuta.

143 2983 175 3058 ἦ.
198 2986 250 3046 titt.
294 2985 459 3044 dissolutis.
503 2985 537 3045 lb
558 2990 636 3056 ests
651 2983 796 3042 refutetis.
831 2979 925 3040 θην.
954 3013 996 3027 -
1030 2984 1099 3046 vit.

48 3085 163 3148 Mutet.
186 3087 223 3146 ab
245 3097 321 3146 erut.
347 3105 400 3165 pro
421 3086 455 3146 S.
474 3087 581 3146 Roscio
598 3063 633 3161 ξ.
650 3085 701 3145 82.
731 3081 785 3142 Fu.

144 3189 364 3268 deaprincipio.
406 3186 448 3244 lit
468 3187 626 3260 improviso
647 3197 676 3243 ct
698 3186 734 3243 de
754 3184 926 3263 improuiso,
950 3187 993 3244 ite
1004 3185 1098 3264 prin-

49 3291 138 3368 cipio
160 3290 248 3349 etde
265 3290 421 3368 principio
441 3293 473 3348 in
498 3289 599 3349 ecdem
619 3287 836 3368 significatione
863 3287 995 3345 dicimus.
1037 3273 1097 3346 Set

49 3395 90 3454 de
108 3391 267 3472 principio
289 3390 343 3448 hoc
363 3394 429 3450 loco
451 3391 512 3449 dici
527 3391 725 3450 adnotandum
744 3406 856 3462 censeo,
875 3389 969 3468 magis
990 3397 1024 3446 ut
1038 3387 1103 3448 lue-1

47 3499 121 3556 tine
141 3491 200 3550 dici
220 3495 389 3572 intelligas,
412 3511 499 3572 quem
518 3503 553 3552 ut
571 3493 708 3552 imiteris.
738 3490 831 3552 Suuv.
850 3519 892 3532 -
913 3487 992 3548 Tuto
1012 3501 1096 3565 potes
1117 3544 1133 3566 ἵ.

47 3595 179 3656 imitari.
225 3590 273 3653 De
290 3595 444 3673 principio
467 3603 512 3652 cst
533 3594 642 3652 locutio
664 3594 796 3672 iutegre3
816 3592 868 3652 sed
890 3592 1020 3663 concise,
1045 3591 1097 3649 ubi

46 3699 89 3758 de
114 3707 167 3773 per
187 3695 302 3772 ellipsin
324 3695 488 3770 emittitur,
506 3695 675 3775 principio.
700 3693 822 3752 (lasau.
849 3711 891 3748 q»-
925 3689 1096 3753 Schuctuius

47 3799 139 3859 dedit
160 3815 180 3855 a
199 3797 361 3877 principio.
396 3793 471 3855 Nem
492 3797 551 3873 „de
569 3793 1097 3877 pnnctpioh.1.'mtnucocucec-

47 3908 144 3978 ‚,uut,
168 3917 257 3977 quum
277 3899 376 3956 atatim
397 3899 455 3957 atie
469 3902 682 3978 praepositouis
700 3897 914 3978 significatione
932 3911 1097 3973 praecesse·

48 4003 124 4082 „eit
145 4001 182 4060 de
202 4001 269 4058 cita
289 4009 319 4056 ct
340 3999 376 4056 de
398 4000 556 4083 moribus.“
583 4001 637 4059 Fu.

147 4101 267 4160 studuit
287 4101 410 4160 animae.
451 4100 485 4160 ld
507 4113 561 4179 cst,
581 4105 673 4163 volui.
706 4102 801 4164 Suuv,

146 4219 304 4263 occurrere
332 4180 530 4278 magnitddini
557 4206 703 4266 criminis.
753 4203 786 4263 ld
808 4211 874 4276 est,
905 4197 1028 4277 probare
1057 4194 1094 4258 Ρ.
