2786 5084
254 350 318 434 tet
473 341 774 432 ιοιιιιιιιιιιι.
803 345 1085 430 1ncrcnn0n.
1161 295 1167 302 ’

259 527 451 616 peturfieeis,
478 529 530 589 sed
544 527 703 600 terminus,
725 525 762 584 ed
775 544 859 603 quem
879 524 1082 603 qnotidienum
1097 520 1224 582 offitium
1237 537 1315 597 pro·
1379 577 1380 584 ,

225 662 232 682 x
262 631 347 715 gredi
375 630 478 703 debet,
509 631 597 710 poulo
616 628 734 708 longius
760 643 848 704 quern
870 643 928 704 qno
950 641 1002 754 per
1024 623 1137 703 quotid.
1164 623 1214 682 off
1219 641 1314 698 pro-

227 719 230 730 *
263 730 350 818 gredi
367 732 446 795 lieet.
480 729 609 792 Morsu·

351 833 388 895 L.
423 831 584 892 Goeeiliem
606 830 803 910 protulisset.
849 825 885 902 Id
905 835 967 902 est,
994 829 1186 905 provexisset.
1214 828 1314 890 Ssnv.

265 967 309 986 -·
329 935 513 996 Guilielmius
535 933 641 993 neuteri
660 932 755 990 voluit
773 931 906 996 nltimam
924 930 957 986 in
971 928 1170 1008 propulisset,
1189 950 1228 990 ex
1248 928 1314 988 Tu..

230 1009 232 1022 Ι
265 1041 344 1118 ring.
366 1036 561 1121 translatione
582 1032 780 1109 epestoribns
802 1029 905 1101 duote3
930 1033 1026 1088 nostri
1047 1029 1123 1088 nihil
1143 1031 1315 1092 reriebentt

267 1138 368 1198 Geor.
391 1167 434 1181 -
461 1133 645 1194 Protulioeet
667 1142 712 1192 est
730 1133 927 1206 provexisset,
947 1141 981 1190 ut
1002 1131 1178 1207 saepissime.
1224 1131 1314 1190 Oret.

266 1259 321 1317 pro
341 1235 456 1300 Mures.
480 1231 556 1314 [eep.
574 1235 626 1292 31.
656 1232 687 1307 ᾗ.
702 1231 767 1310 65.]
787 1229 887 1302 Stoici
900 1231 975 1291 milei
996 1231 1137 1290 videntur
1149 1232 1234 1306 fines
1261 1233 1314 1306 of·
1379 1223 1380 1318 l

136 1383 141 1390 -
261 1339 409 1418 fitiorum
427 1335 532 1422 paullo
563 1332 697 1414 longine,
739 1351 826 1414 putem
858 1341 971 1395 notura
998 1331 1102 1406 redet,
1130 1327 1316 1412 protulisse.

269 1439 394 1500 Gesnv.
923 1457 925 1467 ·

282 1573 285 1586 ι
356 1557 461 1598 senens
482 1546 609 1598 vestros.
650 1540 759 1613 idest,
782 1535 854 1616 qnid
873 1538 1032 1612 sentiretis,
1059 1539 1087 1596 si
1107 1537 1140 1604 in
1159 1539 1225 1596 loeo
1240 1535 1314 1594 Ceo·

272 1644 333 1702 elii
356 1638 469 1701 essseti.
500 1639 595 1699 δην.
1038 1713 1041 1728 Ι

356 1751 461 1802 errato
480 1741 595 1800 veniam
615 1740 650 1801 L.
670 1737 806 1803 Caecilii.
849 1738 945 1804 Verbo,
966 1737 1000 1797 L.
1025 1739 1150 1800 Coeeilii
1169 1739 1250 1798 mele
1269 1742 1315 1797 in·

270 1854 349 1906 sexte
368 1843 513 1906 videntur.
553 1843 596 1904 lis
618 1843 722 1902 deletis
742 1844 839 1902 oretio
860 1844 964 1900 melius
986 1841 1128 1920 procedit.
1149 1839 1252 1900 Bsecx.
1273 1871 1314 1885 ·-

238 1969 240 1974 ·
271 1945 369 2006 Verbe
388 1947 447 2004 iste
467 1941 575 2004 delevit
597 1943 734 2005 Schuetz.
755 1945 925 2022 praesertim
945 1962 1034 2024 quum
1055 1942 1186 2001 ordinem
1206 1944 1314 2002 serbo-

217 2059 221 2068 “
271 2067 338 2108 ιιιιιι
365 2021 533 2124 perplexum
555 2047 719 2106 redderent.
746 2043 802 2105 Fr.

357 2146 542 2208 humanitate
568 2149 722 2208 pemmoni.
768 2147 939 2228 Gpmmunee
963 2111 1108 2204 tomitem
1128 2163 1232 2206 senem
1264 2167 1318 2209 vo·

273 2260 337 2310 eet
326 2267 395 2328 pro
416 2245 533 2309 cluent.
556 2248 585 2323 fi.
606 2250 656 2308 17.
682 2247 736 2307 Fe.

359 2348 390 2424 ἦ.
414 2345 466 2407 65.
510 2351 621 2430 posito
650 2359 699 2410 est
727 2351 760 2408 in
790 2358 907 2410 senate.
957 2349 1005 2409 Ex
1035 2346 1159 2408 Suffridi
1191 2347 1319 2431 Turing.

168 2441 169 2446 ¹
223 2479 225 2485 ·
276 2451 463 2511 Guilielmius
491 2451 632 2528 prebebat
658 2452 795 2532 deposito
823 2461 870 2510 sot
891 2451 923 2508 ie
944 2457 1069 2530 senote;
1098 2452 1193 2508 nostri
1222 2460 1321 2509 temen

278 2552 437 2613 sdheerent
459 2555 597 2631 vulgetee
610 2555 725 2632 posito.
748 2552 850 2616 Gnur·
871 2581 914 2596 -
947 2551 998 2612 Sic
1020 2560 1051 2610 et
1071 2552 1176 2610 nostri.
1195 2549 1322 2610 emen

276 2685 321 2701 ·-
341 2653 409 2713 Diei
427 2653 564 2728 videtne,
587 2665 621 2713 nt
640 2671 748 2733 ponere
767 2655 922 2712 rationem.
953 2653 1013 2714 vid.
1037 2651 1120 2713 Clev.
1141 2654 1174 2710 in
1191 2671 1322 2731 ponere.

276 2755 393 2835 [posito
414 2764 471 2829 est,
496 2756 643 2833 deposito,
671 2757 782 2818 obiecto
806 2755 927 2832 abipso
952 2757 1015 2813 eius
1041 2735 1162 2822 ruptore
1181 2751 1323 2814 Ceeeilio.

276 2855 382 2916 Metth.
402 2872 468 2913 enm
491 2856 632 2916 Gereton.
657 2855 727 2933 Fen]
744 2856 808 2932 ,see
823 2856 966 2934 quomodo
982 2859 1119 2934 populum
1133 2856 1232 2928 letuit,
1255 2875 1324 2914 eum

270 2957 431 3034 preposite
444 2955 544 3031 fuerit,
564 2966 598 3014 nt
613 2967 682 3015 ente
694 2958 782 3029 dixit,
801 2959 857 3014 etsi
871 2975 979 3034 peuoos
994 2955 1075 3018 diesi
1114 2955 1208 3017 Debet
1226 2953 1263 3013 de
1277 2957 1326 3014 le·-

280 3058 439 3140 gisletione
453 3057 589 3136 intelligi,
612 3059 672 3115 nisi
693 3061 758 3136 quir
780 3059 864 3118 melit
884 3077 950 3118 enm
964 3058 1091 3121 Greesio
1115 3052 1226 3131 delere,
1255 3076 1327 3116 eum
1379 3053 1380 3128 Ϊ

280 3157 379 3219 verbis
401 3159 586 3236 sequentibus
612 3177 684 3239 pop.
705 3159 792 3220 Rom.
816 3159 927 3232 latuit,
960 3161 993 3216 in
1019 3177 1077 3237 qno
1104 3165 1135 3216 et
1161 3153 1329 3217 temanum

280 3259 384 3338 friget.
427 3257 521 3318 'l'otus
543 3259 627 3318 loeus
656 3269 700 3318 est
721 3261 753 3318 in
774 3260 857 3320 libris
884 3260 969 3320 valde
989 3262 1113 3321 vitiosus
1136 3269 1165 3318 et
1185 3259 1274 3320 valde
1292 3262 1330 3318 in

282 3380 317 3418 eo
336 3363 455 3420 variant
477 3359 546 3418 libri
566 3361 671 3438 seripti
690 3371 721 3424 et
743 3361 826 3420 editi.
852 3359 992 3422 Eennsr.
1085 3366 1087 3384 '

362 3459 508 3541 populum
536 3459 699 3526 Romanum
723 3465 827 3522 latuit.
876 3463 1028 3530 Quomodo
1054 3464 1193 3540 populum
1215 3460 1331 3520 llonre-
1379 3537 1380 3540 Ἴ

218 3597 220 3602 ,
247 3591 250 3603 ·
282 3581 368 3624 num.
383 3561 489 3634 latuit,
517 3581 583 3620 oum
611 3562 670 3620 fnit
690 3567 856 3644 preposite,
872 3643 874 3646 Ι
888 3567 968 3640 sire,
997 3574 1032 3624 nt
1061 3566 1160 3641 pesullo
1183 3573 1254 3621 ente
1281 3565 1332 3622 lo·

284 3655 402 3748 quitur,
423 3665 625 3744 promulgete:
659 3667 692 3724 in
720 3669 784 3729 ieta
804 3665 977 3744 rogatione,
1002 3683 1089 3745 poem
1104 3663 1331 3746 promulgavit.

284 3749 363 3835 Quid
392 3766 471 3826 enim
499 3773 545 3822 est
569 3785 732 3844 proponere
758 3777 811 3827 ent
835 3768 1017 3844 promulgere
1042 3768 1155 3847 legem,
1182 3783 1272 3842 quem
1294 3766 1332 3824 in

284 3865 392 3928 tebelle
423 3865 632 3950 deseriptem
623 3887 655 3927 ιιι
674 3871 790 3948 ιιιι1ι11ιο
818 3870 883 3928 loeo
906 3865 1020 3946 effigere
1051 3870 1080 3927 et
1100 3865 1254 3950 legendnm
1277 3884 1333 3943 per

151 4041 156 4055 .
283 3964 488 4028 trinnndinum
515 3970 649 4030 omnibns
669 3970 823 4044 exhibere,
861 3978 895 4030 nt
923 3970 1003 4030 eires
1024 3978 1143 4048 possent
1160 3969 1333 4036 uterinus

285 4079 315 4132 et
335 4066 529 4156 perpendere,
562 4091 634 4134 nom
656 4073 830 4133 trinundino
852 4073 950 4153 elrpso
972 4071 1166 4152 rependerit
1189 4071 1237 4135 lex
1258 4087 1333 4146 pro·

181 4171 184 4176 ’
282 4171 434 4260 stellante,
463 4171 572 4238 deensi
619 4172 773 4240 Praetereo
802 4171 921 4240 cieere
928 4191 990 4244 non
1014 4173 1195 4254 scripsisset:
1226 4186 1334 4250 ιιοιιιι-
