2806 5088
225 342 361 414 omn
389 341 476 414 nno
499 311 544 410 'n
566 341 732 446 ‚suurn
785 343 881 416 cro.
901 347 992 422 vm.
1093 349 1137 422 to

87 524 138 584 49.
177 523 286 587 delecte·
312 533 341 582 et
360 524 519 603 principum
551 522 725 602 iunguntur.
754 521 860 594 'Bncm
891 495 936 570 ’-
971 525 1006 590 in
1030 525 1133 595 Vetin.
1237 509 1239 521 ¹

86 642 148 704 eep.
169 626 199 684 9.
230 627 260 701 ξ.
281 627 332 684 23.
368 623 496 685 delectet
523 625 607 684 uiroc
632 633 662 682 et
672 626 1004 706 princepeeeieitotie.
1032 631 1087 692 Fr.
1112 704 1119 717 Ι

165 743 407 825 peregrinorum.
449 743 483 802 ld
504 751 566 813 cot,
587 744 785 818 municipum,
808 757 881 822 qnos
902 749 1029 824 appella·
1050 769 1134 828 pere·

86 845 202 924 grinos,
236 846 330 905 Suev.
356 875 399 890 ·-
430 843 509 902 *Non
539 845 675 918 proprie,
715 845 766 902 oed
791 865 862 922 quoe
889 847 1134 930 Torquotuoper

87 955 264 1006 contemtum
294 946 407 1004 dicebat
435 948 531 1022 cives,
564 949 614 1024 qui
635 965 697 1005 non
718 957 815 1006 cuent
837 947 946 1008 Romae
971 954 1053 1030 nati,
1082 955 1134 1014 ced

87 1051 120 1106 in
140 1049 318 1125 municipiis,
348 1049 483 1109 coloniis.
514 1048 655 1110 Ennnsr.
972 1107 976 1114 ,

173 1167 209 1207 ne
234 1179 279 1193 --
306 1151 464 1230 suffragiie
496 1148 637 1210 obrucre.
682 1151 715 1210 Id
741 1159 804 1226 eet,
840 1170 878 1209 ne
908 1172 1001 1230 pauco
1026 1153 1135 1218 nehem

87 1271 141 1330 pro
162 1261 192 1310 te
207 1251 358 1332 suffragii,
380 1263 409 1309 et
428 1253 494 1310 ideo
513 1263 616 1310 contro
640 1261 671 1310 te
686 1255 823 1330 plurime.
865 1263 900 1313 ut
918 1256 983 1315 Act.
1005 1259 1037 1316 in
1052 1259 1136 1320 Verr-

86 1352 138 1414 lV.
163 1353 232 1432 [oct.
255 1353 292 1412 11.
321 1352 370 1412 lib.
392 1352 431 1411 11.
457 1372 518 1431 cap.
539 1355 592 1410 62.
624 1354 653 1429 ἓ.
678 1355 762 1431 1le
792 1353 941 1414 Obruitur
963 1361 1040 1418 enim
1061 1379 1135 1421 aro·

88 1465 186 1516 torum
207 1456 398 1514 testimoniis.
430 1455 523 1515 va.

142 1607 147 1614 .
174 1567 204 1614 te
226 1577 265 1616 ee·
284 1573 382 1615 comeo
404 1563 494 1635 coepe
509 1556 691 1616 excitabunt.
733 1553 777 1614 To
793 1554 1007 1638 diligentiorem
1024 1565 1057 1622 in
1070 1583 1134 1623 me-

87 1663 230 1742 gietrntuo
253 1661 395 1736 petitione
418 1657 546 1734 facient,
571 1661 639 1736 quie
661 1659 715 1716 tibi
736 1668 846 1716 metum
869 1659 1005 1725 inferent.
1039 1663 1133 1725 Suu.

171 1765 231 1822 nisi
255 1763 374 1822 uirtute
403 1759 571 1820 vincentur.
620 1762 667 1820 An
697 1758 882 1818 uincuntur?
914 1759 1055 1826 Ennnsn.
1091 1797 1135 1812 -·-

86 1863 178 1924 Codd.
206 1863 280 1926 nihil
304 1845 440 1932 mutent,
471 1852 558 1938 utque
586 1861 649 1917 ciui
672 1879 737 1919 eum
766 1859 835 1919 Fut.
863 1859 928 1924 Ind.
955 1875 1023 1942 poet
1054 1866 1136 1926 eliud

86 1967 155 2026 Fut.
182 1968 270 2024 etium
292 1963 428 2044 iungitur
454 1981 508 2039 pro
530 1961 645 2023 Cluent.
669 1964 698 2019 2.
731 1961 831 2044 Boon.
867 2013 868 2021 ,

172 2135 202 2209 ξ.
225 2131 277 2192 25.
317 2151 361 2190 me
385 2142 417 2191 ct
437 2150 500 2192 voe.
552 2127 624 2201 Cum
646 2130 774 2190 iudicum
797 2150 886 2190 couno
906 2151 989 2193 ouum
1009 2138 1134 2215 coniun-

86 2239 148 2318 git,
167 2245 202 2293 ut
222 2235 404 2322 Torquatum
423 2237 456 2294 in
478 2231 577 2318 odium
599 2232 733 2292 adducat.
769 2233 864 2293 δην.
931 2221 934 2228 ’

102 2388 105 2394 ·
172 2374 192 2412 o
223 2351 376 2431 Torquato
408 2362 505 2412 tomen
534 2352 590 2412 ltoc
613 2354 717 2412 citium
744 2351 905 2410 sileretur,
943 2353 1132 2436 Guilielmiun

86 2460 212 2519 inclinat
239 2456 355 2535 legere,
384 2451 566 2529 convitium,
599 2455 678 2537 quod
705 2455 800 2530 iprum
821 2470 935 2530 quoque
954 2458 986 2514 in
1006 2467 1131 2546 mentem
1251 2475 1255 2484 ·

85 2563 169 2621 venit
196 2557 445 2618 Rubeniotio.1.
475 2557 602 2616 Elector.
623 2575 686 2633 cop.
709 2557 740 2612 3.
784 2554 835 2610 red
854 2556 1050 2617 neceesarium
1072 2576 1134 2616 non

86 2672 150 2736 eet,
177 2659 303 2738 utquid
330 2670 484 2720 mutemur.
514 2657 658 2716 Gnouton·
687 2683 723 2702 ι·-
759 2651 843 2726 νοτει
860 2665 956 2712 temen
983 2657 1134 2718 Rubenius

88 2763 169 2822 dicto
187 2765 268 2822 loon:
287 2762 542 2841 peregrinitatem,
563 2760 677 2840 inquit,
695 2758 803 2817 vitium
824 2757 883 2814 nini
903 2757 990 2818 valde
1010 2753 1137 2845 dudporp

84 2865 165 2924 houd
184 2865 300 2922 dixeris.
326 2864 448 2923 Gnnnv.
475 2893 519 2905 -
558 2859 670 2920 Vitium
692 2879 752 2918 non
773 2860 805 2916 in
826 2876 912 2916 centu
932 2861 1038 2918 mornii
1059 2862 1134 2921 dici·

86 2977 154 3040 tur,
182 2945 234 3024 ocd
252 2966 392 3024 civiliter.
435 2963 470 3022 ln
491 2963 643 3022 candidato
665 2962 781 3039 quidem
800 2959 945 3018 honorum
965 2959 1050 3020 Rom.
1069 2965 1134 3024 eino
1248 2969 1251 2979 “

50 3079 56 3084 ·
88 3067 176 3125 dubio
196 3066 301 3124 vitium
321 3074 367 3124 eet
388 3067 601 3146 peregrinitas:
623 3061 700 3141 quod
720 3062 870 3142 peregrlni
888 3061 1005 3137 proprie
1022 3063 1058 3123 nd
1078 3063 1147 3122 ho·.
1216 3123 1217 3135 ,

87 3185 175 3225 nereo
204 3165 351 3241 adspirare
382 3185 444 3224 non
466 3175 598 3243 possunt.
640 3164 680 3223 Et
703 3164 809 3221 vitium
839 3160 966 3238 dicitur,
995 3163 1134 3242 quicquid

86 3267 179 3340 feeit,
211 3273 245 3325 ut
273 3265 387 3350 eliquid
416 3285 477 3324 non
509 3267 549 3323 eit
581 3265 762 3345 legitimum,
798 3263 936 3342 quicquid
961 3264 1135 3340 reprehendi

86 3378 196 3448 potest.
231 3365 328 3450 Igitur
353 3385 413 3424 uon
436 3383 542 3445 nequer·
562 3368 645 3434 viror
667 3364 787 3438 doctos,
802 3367 865 3454 ,qui
888 3381 953 3422 cum
974 3364 1049 3426 Phil.
1071 3367 1135 3428 Ru·
1250 3397 1253 3405 ·
1284 3381 1286 3390 ’

85 3472 174 3530 henin
194 3469 285 3530 Eiect.
305 3468 328 3527 1.
350 3468 380 3526 3.
401 3467 564 3526 conuicium
585 3468 748 3546 corrigunt,
772 3473 807 3523 nt
825 3451 1021 3540 Gniiielmino,
1042 3468 1134 3529 Grue-

85 3575 164 3635 viue.
205 3569 356 3630 sileretur
390 3579 435 3628 eet
463 3567 549 3627 sileri
577 3555 720 3626 deberet·¹
739 3567 877 3628 Eunnsn.
906 3599 947 3610 -
989 3565 1133 3646 scheller.

87 3673 175 3734 Oion.
199 3692 270 3754 pag.
290 3671 341 3729 99.
364 3671 506 3745 coniecit,
536 3687 556 3728 o
578 3667 672 3748 Toup.
692 3667 748 3727 hoc
768 3669 872 3726 merito
895 3665 1048 3728 tilcretur.
1079 3670 1134 3729 Fn.

86 3805 131 3821 n
161 3773 289 3834 Defensa
310 3773 462 3833 verissime
489 3773 617 3829 omnium
642 3771 773 3833 codicum
803 3770 891 3828 lectio
918 3778 965 3826 eet
994 3789 1012 3828 n
1043 3773 1133 3831 celeb.

86 3877 213 3936 Ernesto
234 3877 266 3933 in
285 3873 348 3932 ind.
369 3894 396 3933 v.
422 3873 542 3954 Vitium.
573 3871 736 3930 Generum
861 3867 867 3876 “

164 3975 316 4035 sileretur.
359 3973 391 4033 id
411 3983 465 4046 eet,
487 3969 567 4032 sileri
585 3972 711 4030 deberet.
747 3971 840 4032 Srnv.

172 4086 221 4136 cot
243 4077 320 4136 enim
340 4074 405 4154 ipw
426 4093 446 4132 o
467 4083 603 4134 materno
624 4091 741 4152 genere.
787 4072 943 4151 Propterea
959 4081 1057 4138 tamen
1071 4092 1136 4134 mu·

86 4181 190 4258 nicepu
213 4178 380 4259 Torquatus
401 4195 462 4236 non
481 4185 536 4236 eet.
593 4174 774 4254 Municipem
794 4175 871 4234 enim
898 4174 948 4255 (ut
969 4176 1013 4234 uit
1034 4175 1136 4255 Ulpio-
