2786 5084
267 368 330 438 nso
497 334 792 448 conuentus
823 359 868 426 ιιι
902 352 1136 460 οιοιιιιοιι.ι

264 541 338 617 fuit
352 537 517 620 proposita
537 556 670 618 paucos:
682 536 774 610 ferri
794 546 900 614 coeptu
922 549 1088 614 nonquam:
1112 529 1253 612 deposito
1274 543 1321 592 eet
1364 557 1366 660 ¹

274 641 307 702 in
327 642 463 702 Senatu:
485 638 616 702 relaturi
638 657 702 697 com
724 639 755 696 in
779 636 961 716 Capitolium
985 651 1039 692 nos
1059 643 1116 692 etc.
1159 633 1237 694 Sunt
1262 636 1319 695 lru·
1366 662 1367 732 ¹

274 747 321 804 ius
343 738 479 799 lectionis
506 748 640 797 auctores
666 739 778 798 codices
801 739 881 811 duo,
912 735 1031 794 Francii
1053 732 1197 793 secundus
1219 747 1250 794 et
1273 737 1320 794 Pi·
1367 766 1368 842 ¹

277 844 436 914 thoeanus,
477 839 605 918 duaeque
635 842 707 900 item
740 837 953 898 vetustissimae
994 855 1027 894 ac
1053 837 1320 913 praestantissimae
1368 866 1369 936 ¹

277 945 439 1016 editiones,
476 942 568 998 altera
606 945 676 1000 anni
706 937 915 1000 MCDLXXll.
952 955 1038 1014 quam
1075 936 1218 1012 Graculus
1257 941 1321 1012 pri·
1369 971 1370 990 ι

279 1065 360 1114 mans·
386 1043 524 1121 appellat,
561 1044 652 1101 altera
687 1061 750 1102 maa
780 1039 891 1100 Veneta
917 1030 1136 1099 MCDLXXX.
1193 1038 1322 1100 Tantum

250 1218 252 1231 Ι
281 1164 320 1208 ex
347 1147 456 1224 optimo
483 1141 554 1201 MSo
583 1143 745 1222 Turingico
777 1145 901 1203 assumsi
927 1161 990 1198 cum
1018 1139 1191 1216 Gulielmio,
1230 1142 1323 1222 depo·
1371 1178 1372 1199 t

281 1250 358 1314 sito.
404 1245 550 1306 Nimirum
580 1243 637 1304 hoc
670 1247 741 1308 dicit
768 1244 898 1303 Tullius:
928 1244 1019 1322 legem
1045 1240 1120 1299 hanc
1146 1243 1180 1302 iu
1209 1243 1322 1304 Senatu
1371 1247 1372 1260 ¹

284 1350 469 1429 depositam,
502 1346 531 1404 h.
553 1366 576 1405 e.
605 1335 857 1406 abiectam'fuisse
886 1346 920 1403 ab
943 1347 1004 1422 ipso
1025 1324 1086 1402 eius
1108 1354 1229 1404 anctore
1251 1343 1325 1404 Cae·
1373 1383 1374 1394 ι

285 1453 371 1510 cilio:
406 1468 471 1506 cum
499 1449 616 1528 quidem
639 1443 749 1507 Consul
772 1447 871 1507 Cicero
894 1447 1034 1507 Senatum
1053 1451 1264 1521 convocasset,
1294 1447 1325 1506 de
1374 1489 1375 1506 ι

189 1561 193 1572 “
284 1554 350 1630 lege
386 1551 438 1607 illa
474 1549 511 1608 ad
546 1550 688 1610 Senatum
724 1551 888 1610 relaturus.
938 1546 1035 1604 Prima
1064 1545 1121 1604 tuit
1153 1565 1191 1634 *eu
1221 1549 1326 1606 relatio
1375 1592 1376 1610 .

287 1649 423 1711 Consulis
446 1653 496 1710 illo
519 1651 582 1724 die,
612 1652 743 1732 dixitque
766 1662 836 1710 tunc
855 1651 979 1713 Praetor
1000 1647 1151 1724 Metellus,
1180 1649 1253 1726 quid
1277 1650 1327 1708 siti

288 1753 376 1818 Sulla
407 1752 591 1825 mandasset,
607 1763 608 1768 ’
627 1770 710 1829 quem
742 1757 791 1813 lex
822 1753 996 1812 ambitura
1025 1749 1136 1811 Senatu
1164 1761 1330 1811 removerat

289 1854 376 1931 atque
403 1855 498 1918 aliena
527 1853 572 1912 nti
596 1874 667 1913 voce
689 1864 835 1935 coegerat.
889 1854 1013 1926 Statim,
1045 1859 1099 1910 aut
1127 1861 1206 1928 certo
1227 1854 1329 1928 paullo

239 1985 242 1994 ·
290 1966 374 2039 post,
406 1955 548 2014 Caecilius
576 1974 607 2012 se
631 1956 724 2036 legem
753 1956 895 2033 deponere
922 1953 1069 2029 professus
1099 1963 1157 2014 est:
1190 1973 1277 2029 cum,
1300 1967 1331 2013 nt

290 2057 376 2116 modo
404 2075 473 2142 cap.¹
491 2058 542 2115 22.
577 2057 686 2124 dictum
715 2055 788 2131 luit,
823 2056 978 2124 destiterit
1001 2057 1124 2140 fratris
1149 2057 1333 2114 auctoritate
1380 2107 1381 2140 ¹

291 2129 458 2220 deductae*
491 2158 539 2217 ,lta
569 2157 640 2216 mihi
670 2157 773 2216 videor
802 2160 977 2218 sententiam
1007 2176 1068 2216 nou
1092 2157 1333 2216 contemnendam

291 2259 436 2335 elicuisse,
460 2277 570 2318 summa
591 2278 662 2339 erga
685 2259 796 2318 codices
818 2261 963 2338 religione
987 2269 1112 2319 serrata.
1151 2256 1231 2316 Fons
1255 2279 1334 2318 men·

293 2357 396 2418 dorum
423 2358 538 2420 ridetur
567 2355 660 2418 fnisse
682 2378 742 2418 vox
770 2359 899 2418 relaturi
927 2371 995 2421 ante
1017 2379 1082 2420 cum
1103 2361 1219 2436 posita,
1256 2380 1335 2420 more

293 2480 354 2520 non
379 2463 513 2542 vulgari,
544 2461 594 2521 sod
617 2472 713 2519 tamen
737 2470 871 2528 venusto.
933 2461 984 2542 [Aa
1003 2463 1060 2522 hoc
1087 2463 1184 2538 ipsum
1203 2462 1336 2520 insoleus

295 2573 357 2638 est,
393 2563 535 2641 neuquid
557 2564 674 2623 venusti
694 2565 727 2622 iu
752 2582 787 2620 ea
808 2564 997 2623 collocatione
1018 2567 1075 2640 sit,
1104 2547 1200 2623 rideo.
1222 2561 1335 2640 Buca]

295 2661 505 2724 misfecerunt
528 2664 610 2740 inde,
633 2683 679 2722 ro.
700 2661 814 2740 loturi,
842 2674 927 2744 atque
948 2665 1017 2738 hinc
1039 2666 1156 2724 exstitit
1178 2663 1337 2723 absurdum

296 2765 386 2840 illud,
405 2767 526 2846 rogatio
549 2765 611 2823 lota
634 2776 689 2824 eet.
733 2765 795 2822 Alii
814 2787 843 2825 r.
860 2787 892 2847 p.
915 2765 1022 2839 loturi,
1044 2767 1122 2826 unde
1141 2766 1230 2824 solita
1250 2777 1339 2824 nota·
1384 2755 1385 2758 ¹

297 2885 361 2925 rum
386 2867 577 2924 conversione
601 2869 723 2924 alterum
748 2864 887 2944 profluxit
919 2866 1090 2942 absurdum,
1120 2884 1158 2945 p.
1179 2884 1206 2921 r.
1235 2864 1340 2926 latuit.

299 2965 371 3028 Cod.
394 2965 479 3024 Barb.
499 2969 604 3048 posito
622 2975 669 3032 est
691 2968 723 3024 in
743 2964 872 3041 Senatu,
903 2989 931 3029 r.
953 2967 1065 3031 lot...
1088 2957 1218 3046 reliquae
1235 2985 1343 3028 exeam

298 3069 431 3140 litterae,
454 3087 526 3145 quac
546 3069 622 3128 forte
645 3087 745 3127 rocem
766 3068 861 3127 loturi
882 3069 1087 3150 terminabant.
1108 3069 1278 3130 domoon.
1301 3103 1343 3115 —

300 3168 373 3231 Cum
393 3187 507 3248 ponere
533 3172 624 3248 legem
645 3167 709 3248 '[cf.
729 3189 782 3248 pro
802 3169 902 3230 Plano.
920 3172 973 3228 29.
1004 3173 1033 3248 ᾖ.
1057 3169 1125 3249 71.]
1147 3171 1191 3226 ita
1212 3172 1346 3250 intelligi

301 3273 410 3356 possit,
433 3273 547 3344 nteit,
571 3274 601 3330 in
622 3283 727 3330 senatu
747 3270 781 3330 de
805 3291 839 3330 ea
860 3292 945 3354 agere
968 3265 1175 3351 (aasentias),
1201 3275 1345 3350 populum

304 3379 398 3428 autem
413 3369 509 3445 Rom,
532 3369 588 3430 etsi
604 3373 762 3450 proposita,
786 3375 874 3432 latere
888 3365 1028 3452 potuerit,
1049 3374 1117 3452 quia
1131 3391 1191 3432 non
1205 3370 1237 3430 in
1250 3376 1346 3432 comi-

304 3473 353 3531 tiis
376 3470 409 3528 de
433 3490 465 3528 ea
482 3474 546 3553 lege
561 3493 612 3550 per
628 3491 735 3549 paucos
756 3485 871 3534 tantum
887 3476 948 3534 dies
963 3477 1112 3558 proposita
1126 3475 1219 3534 luerit
1234 3484 1347 3548 actum,

304 3571 381 3634 unde
397 3574 484 3632 etiam
499 3573 662 3646 Romanum
681 3567 773 3657 (qnod
794 3575 903 3658 frigere
923 3557 1058 3634 Ernestio
1078 3567 1241 3656 ridebatur)
1263 3577 1350 3637 addi-

307 3684 372 3747 tur,
396 3677 464 3755 quia
486 3678 520 3736 de
540 3677 641 3755 populi
664 3678 790 3736 comitiis
809 3677 1023 3753 accipiendum:
1054 3679 1159 3757 reliqui
1180 3675 1270 3736 rerba
1292 3699 1350 3740 suo

306 3778 385 3863 loco,
405 3779 460 3834 etsi
481 3777 608 3837 nondum
626 3796 796 3855 persuasum
811 3792 866 3857 est,
891 3798 964 3840 rara
977 3760 1007 3840 ct
1021 3797 1094 3839 sana
1108 3798 1142 3840 ea
1158 3797 1229 3838 esse.
1269 3778 1352 3840 Cou-

308 3860 435 3966 cirinitas
454 3889 550 3938 tamen
567 3877 769 3953 membrorum,
793 3899 865 3959 quoe
887 3883 931 3939 ita
954 3883 1068 3958 existit,
1088 3883 1126 3939 iis
1146 3879 1233 3940 iavet.
1251 3879 1352 3944 Buce.

393 3997 458 4038 cum
486 3979 518 4037 in
547 3979 728 4059 Capitolium
755 4001 808 4042 noo
832 3991 968 4042 senatum·
997 3971 1247 4045 convocaseeoms.
1293 3986 1355 4064 Ao-

310 4093 410 4162 paret,
433 4083 579 4168 consulem
598 4082 690 4142 fnisse
710 4081 899 4157 Ciceronem,
921 4103 977 4162 quo
997 4104 1074 4145 anuo
1095 4075 1239 4144 Caecilius
1257 4083 1369 4164 tribug

318 4203 374 4244 nus
393 4183 434 4263 pl.
458 4181 527 4245 luit.
559 4183 683 4270 Menon.
715 4217 759 4231 —
795 4173 952 4270 Significat
977 4175 1098 4262 Cicero,
1126 4205 1157 4245 se
1179 4185 1300 4246 consule
1323 4181 1359 4243 Ι..
