2806 5088
296 367 342 440 oa
397 359 401 369 ’
442 417 447 424 .
511 318 813 434 οοΜΜΕΝτΑΒᾸ
836 363 883 432 uu
910 308 1123 434 crcnnouss

302 539 466 624 ponendum
487 541 561 601 illud
581 561 644 602 erae
666 540 797 618 videtur,
817 560 882 602 eum
898 542 978 602 aeret
999 549 1081 620 meato
1097 541 1360 605 contubernalis:

302 664 363 706 vox
384 644 460 708 enim
480 655 545 701 oum
565 643 688 722 repetito
706 644 832 720 indiont,
860 621 1013 724 utrumque
1032 643 1122 704 rimul
1141 664 1205 710 erae
1228 645 1361 719 dehere,

305 757 335 808 et
355 749 454 808 eodem
475 745 588 832 referri.
635 746 672 806 11.
701 746 814 807 Vitioro
833 757 910 807 erret
930 748 1135 826 amplifioatio:
1165 765 1235 804 nam
1254 749 1361 826 priu-¹

304 866 374 930 eope
395 851 488 908 maine
516 847 585 926 quid
607 847 769 928 signifieat,
800 862 886 926 quum
907 849 1056 928 rigensem
1084 863 1176 928 neque
1197 850 1233 906 in
1256 869 1359 929 exag-

304 955 456 1034 geratione
478 948 641 1008 decrescere
661 950 744 1028 debet
766 952 870 1010 oratio·
910 951 961 1010 lli.
991 949 1112 1010 Adeone
1133 953 1217 1027 inope
1242 952 1359 1008 verho-

303 1074 371 1114 rum
391 1051 508 1126 Cicero,
529 1059 562 1108 ut
582 1053 615 1109 in
632 1051 732 1110 eadem
751 1050 871 1129 periodo
890 1051 935 1110 hir
957 1049 1065 1130 ohaque
1087 1053 1147 1110 ulia
1167 1053 1357 1118 necessitate

254 1159 255 1164 ’
304 1175 378 1218 voce
409 1162 517 1212 auctor
547 1147 697 1211 utereturi
747 1149 798 1212 lv.
829 1157 876 1212 An
897 1171 986 1226 vero,
1013 1150 1092 1229 quod
1109 1153 1143 1211 in
1163 1155 1356 1214 eontrarium

305 1259 481 1331 eontentinm
501 1256 626 1322 traxirae
646 1253 739 1322 Henr.
761 1253 941 1329 Stephanum
968 1256 1098 1331 aliosque
1119 1254 1259 1328 videtur,
1295 1275 1356 1314 non
1378 1267 1379 1298 i

305 1369 422 1439 poterat
435 1357 600 1435 Torquatoa
619 1339 742 1434 aignifer
763 1375 824 1418 eote
840 1357 1003 1416 iuventutis
1024 1358 1057 1414 in
1072 1356 1236 1432 Praetura,
1264 1359 1357 1416 aienti

307 1462 402 1520 inerat
428 1461 460 1517 in
486 1457 649 1517 Consulatu
677 1453 843 1531 cimento,
878 1459 957 1535 quia
970 1458 1052 1516 nuile
1075 1468 1136 1516 tum
1164 1463 1229 1517 era't
1256 1460 1356 1518 civilio

308 1557 474 1636 dimensio?
493 1555 567 1619 'Sed
586 1549 718 1635 aigoifer
738 1556 816 1616 nihil
836 1557 918 1617 alind
938 1566 1001 1632 eat,
1023 1577 1109 1636 quam
1128 1541 1270 1638 primda:
1301 1581 1355 1638 po·

307 1667 368 1724 tuit
388 1680 452 1722 eme
470 1653 636 1738 Torquatus
658 1657 794 1721 Praetori
814 1656 875 1718 Cio.
896 1659 1133 1736 contubernalis,
1167 1677 1202 1718 ae
1223 1663 1355 1738 proinde

309 1769 399 1830 etiam
418 1743 670 1838 oontuherneiium
689 1761 799 1837 primur
820 1770 851 1819 et
872 1761 996 1841 aignifer
1016 1763 1185 1822 iuventutie·
1229 1762 1271 1824 V.
1294 1764 1354 1824 Su·

310 1869 405 1946 apioor
423 1857 458 1923 ah
480 1864 578 1940 aliquo
597 1849 684 1921 illata
702 1879 738 1919 ea
755 1853 855 1936 verha,
871 1879 940 1930 ¹oum
950 1859 1112 1942 princepe,
1142 1881 1208 1926 eum
1229 1876 1353 1940 auctor,

310 1969 348 2028 ad
370 1961 586 2044 explicandum,
615 1961 685 2042 quid
703 1972 779 2021 earet
798 1960 947 2041 aignifer‚
962 1971 999 2023 'et
1022 1966 1108 2025 timui
1128 1967 1227 2024 omnio
1246 1967 1354 2027 deinde

311 2071 345 2128 in
362 2065 562 2132 textumvitio
579 2046 763 2123 librariorum
780 2063 944 2138 irrepoiaee.
986 2062 1087 2142 Itoque
1108 2065 1151 2123 aie
1173 2066 1263 2146 lego:
1286 2067 1353 2127 Ho-

184 2189 187 2196 ·
312 2190 379 2232 rum
402 2157 525 2226 omnium
545 2179 656 2238 oerum,
689 2180 763 2242 quoe
784 2182 838 2242 ego
859 2173 916 2226 eto.
946 2155 980 2224 h.
1001 2165 1050 2226 ille
1071 2165 1259 2245 Torquatum,
1292 2191 1354 2229 ouer

312 2291 393 2334 meua
418 2273 498 2328 emet
525 2266 744 2332 contubernalis
771 2257 803 2326 in
828 2269 1003 2344 consolatu,
1030 2283 1096 2330 oum
1116 2270 1252 2348 signifer
1279 2281 1354 2332 eeoat

313 2370 489 2444 iuuentute,
507 2377 597 2448 utque
609 2368 641 2426 in
648 2372 801 2448 praetura?
811 2365 943 2444 fecittot,
960 2379 1081 2446 auctor,
1099 2372 1233 2446 adiutor,
1249 2375 1354 2452 parti·

314 2489 386 2558 capr
401 2465 536 2534 exstitit.
559 2470 653 2532 Multo
673 2473 769 2555 mittor
788 2474 912 2532 mutatio
934 2465 978 2550 fit,
999 2469 1086 2554 quam
1103 2475 1130 2535 ri
1150 2472 1189 2534 H·
1206 2474 1353 2552 Stephani

312 2569 469 2642 lectionem
484 2583 648 2652 tequamuru
668 2571 808 2645 Fnuuar.
834 2604 876 2632 .-
897 2586 962 2634 eum'
980 2578 1132 2656 princepe,
1154 2595 1219 2635 oum
1236 2589 1353 2638 auctor.

313 2684 407 2743 Voeeo
421 2695 486 2738 eunt
499 2683 617 2750 auctor,
637 2693 708 2756 quoa
722 2675 851 2753 plerique
869 2676 981 2736 oodioea
995 2677 1147 2758 ighorant,
1165 2696 1181 2735 e
1198 2684 1353 2754 reperiere

276 2805 278 2810 ’
313 2801 400 2846 veron
419 2778 575 2856 repetitae,
595 2770 661 2836 oum
682 2777 808 2836 Graerio
830 2770 999 2840 delevimure
1025 2779 1165 2838 hannem.
1187 2775 1229 2822 ·-'-
1251 2780 1352 2841 Satim

315 2894 379 2946 erat
392 2872 462 2940 huie
484 2887 514 2937 et
531 2877 668 2952 Greerio,
694 2865 731 2934 de
751 2879 813 2936 ruit
829 2877 910 2938 ttsn
924 2879 1034 2958 aliquid
1045 2871 1213 2954 testificari,
1235 2880 1275 2938 de
1294 2886 1354 2962 qni·

313 2989 370 3050 bno
397 2977 483 3043 dubii.
502 2978 707 3057 relinquimur:
736 2995 804 3038 nam
827 2988 906 3038 terte
928 2992 1015 3042 vocer
1038 2977 1075 3040 ah
1101 2983 1160 3056 illie
1188 2982 1307 3043 deletae
1327 2987 1353 3043 in

314 3066 387 3152 meit
406 3081 492 3144 editio
519 3081 698 3158 aliorumque
722 3081 841 3155 scriptia
869 3093 1040 3158 ouperauntt
1073 3084 1132 3157 niei
1161 3082 1237 3144 forte
1267 3085 1353 3146 Lam·

313 3191 401 3252 hinne
422 3199 461 3245 ex
473 3171 561 3256 Maio,
582 3178 726 3240 lieet-non
748 3187 876 3258 monent,
899 3183 994 3241 iooum
1007 3185 1052 3242 ite
1065 3185 1228 3256 refluxerit,
1249 3205 1352 3264 quem-

316 3287 470 3351 admodum
489 3280 705 3364 oi'ontagatho
720 3276 831 3339 suetum
849 3293 937 3359 eupra'
957 3287 1073 3343 notarit
1089 3278 1226 3344 Uroinuar
1262 3288 1354 3347 Ambo

316 3383 396 3452 enim
415 3384 515 3446 eodem
534 3380 638 3456 modo,
670 3381 754 3440 amho
776 3382 998 3462 elegantiorime.
1044 3384 1201 3444 Groeuium
1224 3385 1312 3463 video
1330 3401 1354 3446 et
1381 3395 1382 3420 ¹

214 3511 217 3516 ·
317 3486 583 3558 interemitur,
611 3493 676 3542 eum
697 3477 1017 3560 auotor,'re1iquiote,
1055 3495 1085 3544 et
1107 3487 1137 3542 in
1160 3485 1196 3545 V.
1221 3486 1256 3546 L.
1283 3489 1355 3548 nihil

317 3591 484 3658 adnotantes
525 3585 666 3645 Gruterus
687 3591 795 3655 autem,
816 3585 841 3640 ai
862 3594 962 3642 notam
984 3585 1126 3664 Stephani
1146 3588 1356 3666 consuluitaet,
1381 3595 1382 3634 ἲ

318 3695 356 3758 de
372 3695 426 3752 illo
448 3699 477 3750 et
495 3687 634 3758 Lumhino
656 3688 741 3743 aliter
769 3685 939 3745 iudicatoett
969 3685 1058 3748 verba
1080 3703 1153 3768 quae
1176 3691 1208 3748 iu
1228 3702 1285 3750 etto
1309 3714 1355 3752 eo·

319 3798 384 3857 dioe
401 3787 504 3852 meliut
525 3787 667 3848 eollooata
685 3784 797 3845 inuenit
818 3784 983 3864 Stephnnur
1004 3799 1034 3848 et
1059 3788 1180 3848 delenda
1202 3804 1355 3854 eenouerat

288 3955 294 3962 .
318 3907 435 3967 tamen,
463 3892 561 3951 eadem
589 3902 619 3948 et
638 3889 711 3950 loco,
724 3886 822 3946 eodem
849 3889 882 3946 in
901 3884 1009 3965 optimo
1030 3885 1125 3950 Paloto
1149 3893 1274 3967 derunt5
1308 3899 1357 3974 qui

257 4030 261 4035 ·
318 3996 444 4076 denique
463 3995 496 4066 in
513 3992 615 4052 eeterit
637 4003 703 4048 eum
723 3980 788 4048 tede
810 3981 913 4064 Steph·
935 3987 965 4050 h.
987 4011 1013 4048 e·
1037 4009 1101 4050 oum
1128 3982 1250 4074 vulgate
1269 3997 1357 4070 plane

317 4097 478 4174 cententit:
504 4093 561 4152 niti
581 4089 659 4169 qu'od
679 4106 766 4149 unam
786 4091 920 4150 toeniam
941 4094 1052 4170 primur
1073 4091 1155 4154 addit
1178 4093 1210 4153 in
1230 4096 1280 4168 iio,
1306 4107 1356 4156 ot-

316 4215 372 4289 pua
390 4198 482 4261 etioat
500 4195 531 4258 iu
547 4200 711 4276 praetura,
733 4203 751 4250 a
770 4192 875 4272 quibu·
896 4201 981 4254 anua
999 4187 1036 4258 td
1058 4195 1200 4262 etiumiin
1220 4199 1357 4260 emnihtu
