2786 5084
270 351 336 444 '130
488 363 788 436 conumurnu.
820 358 1098 430 1uc1cnnou.

275 555 360 608 erant
381 562 516 618 necesse,
546 544 589 602 ita
609 541 789 600 emendarite
816 537 948 606 Primum
977 535 1156 610 Caeciliae,
1175 537 1228 616 qui
1237 541 1322 614 fra-

263 650 338 709 tria
358 646 556 705 calamitatem
575 643 674 702 leuare
688 662 787 724 poena
806 640 881 720 legia
897 640 1066 717 mitiganda
1087 638 1231 713 voluerit,
1251 642 1322 701 lau·

279 751 342 809 deut
360 758 510 807 meretur:
533 744 637 804 deinde
659 741 830 816 Caecilium,
853 743 952 820 quiid
967 740 1193 822 promulgarit,
1215 742 1250 814 irc
1263 763 1323 822 quc

277 871 328 912 ree
350 850 504 909 iudicatae
526 846 684 906 uidebatur
717 845 843 904 columae
870 837 1061 916 rescindere,
1094 850 1130 901 ct
1157 840 1241 904 Sulla
1271 862 1323 900 rc-

279 953 480 1022 etitaeretur,
510 947 595 1007 Sulla
607 954 697 1014 ‚recte
716 943 919 1026 reprehendit.
965 944 1031 1024 Ege
1052 963 1120 1004 vera
1140 946 1186 1002 uic
1203 944 1322 1002 malim:

278 1053 410 1114 Primam
436 1049 600 1121 Caeciliae,
631 1047 683 1127 qui
705 1045 918 1120 laboraverat,
948 1033 986 1104 ut
1002 1044 1116 1120 frater
1143 1047 1325 1104 reatituerc-

281 1165 354 1216 tur:
372 1152 481 1216 deinde
502 1150 675 1224 Caeciliam,
713 1150 765 1228 qui
791 1149 826 1207 id
843 1149 1069 1230 promulgarit,
1101 1149 1135 1206 in
1163 1167 1219 1226 quc
1244 1169 1277 1206 r.
1300 1150 1323 1205 i.

279 1281 308 1322 c.
331 1279 359 1318 c.
380 1255 568 1329 concludere,
593 1251 677 1312 Sulla
701 1262 783 1312 recte
808 1252 1009 1332 reprehendit.
1053 1253 1138 1323 Quod
1160 1254 1324 1330 irrepserat

278 1366 312 1423 in
330 1363 454 1420 alterum
473 1356 647 1428 membrum,
661 1349 709 1413 'ut
732 1333 938 1428 elcluerctar,
972 1355 1152 1414 emendatum
1171 1357 1204 1412 iu
1225 1356 1323 1432 primu

280 1462 407 1540 reposui.
446 1456 598 1529 Ceterum,
621 1465 657 1513 ut
679 1452 781 1512 Cicero
802 1454 859 1512 eibi
880 1465 1045 1530 constaret,
1072 1457 1236 1538 necessario
1260 1454 1324 1514 fuit

280 1562 391 1641 aliquid
411 1557 573 1619 addendum
594 1555 629 1614 de
642 1555 729 1614 laude
744 1551 880 1614 Caecilii:
902 1555 981 1614 infra
1002 1559 1079 1618 enim
1095 1577 1156 1618 nun
1172 1559 1235 1615 ciue
1253 1557 1322 1614 lana

282 1675 347 1739 ent,
373 1671 407 1720 ut
430 1661 520 1740 vulgo
542 1659 691 1732 creditur,
720 1658 772 1717 ced
791 1660 954 1720 excusatio.
986 1658 1066 1722 ,Duo
1090 1659 1229 1720 adverbia
1245 1658 1322 1738 pri-

281 1784 359 1825 mum
379 1771 411 1822 et
432 1760 536 1822 deinde
558 1761 664 1838 optime
684 1759 742 1817 eibi
764 1757 956 1837 respondent,
979 1780 1102 1839 querum
1121 1765 1246 1820 alterurn
1268 1758 1324 1818 ha-

271 1872 332 1931 sbet
351 1865 473 1926 Caecilii
491 1863 616 1936 laudem,
637 1882 674 1942 er
698 1880 798 1922 amare
818 1861 971 1938 fraterno,
989 1867 1114 1926 alterum
1135 1865 1245 1939 Sullae,
1270 1864 1323 1942 qui

281 1987 460 2034 communem
482 1947 696 2050 utilitatem'et
718 1968 844 2026 nalutem
864 1966 1000 2046 hahuerit
1019 1971 1162 2048 potiorem
1183 1987 1258 2042 tua,
1288 1977 1324 2028 ιιι

282 2074 459 2134 erratione
484 2071 586 2128 statim
607 2068 709 2133 addita
729 2069 900 2149 colligitur,
931 2067 966 2131 de
991 2089 1053 2150 'qua
1076 2074 1157 2132 nulla
1183 2071 1245 2130 iam
1278 2080 1324 2128 eet
1389 2112 1390 2120 ι

283 2173 495 2235 controversia·
521 2170 664 2231 Fununr.
686 2202 727 2214 -
747 2171 883 2250 primurn
903 2172 1049 2232 Caeciliae
1072 2204 1116 2216 —
1137 2205 1180 2220 -
1200 2204 1244 2216 -
1273 2192 1325 2230 re-

222 2355 226 2364 )
276 2273 450 2359 prehendit.
487 2271 601 2350 Sequor
622 2271 791 2346 Gruterum,
819 2275 870 2350 qui
890 2274 990 2334 locum
1013 2276 1057 2334 ita
1075 2277 1211 2353 reliquit,
1231 2282 1269 2334 ut
1290 2276 1325 2331 in

282 2379 367 2440 libris
391 2395 447 2434 ιιι.
468 2383 500 2434 et
521 2375 584 2435 edd.
609 2378 765 2450 reperitur.
819 2373 946 2438 Frustra
968 2377 1018 2441 hic
1039 2380 1229 2438 coniecturae
1259 2379 1325 2434 eina

215 2533 221 2540 .
282 2481 366 2542 librit
393 2488 576 2537 exercentur.
601 2476 744 2538 Eanum.
771 2509 814 2524 -
846 2478 957 2558 Repete
978 2479 1026 2538 hic
1043 2479 1221 2554 mehercule,
1249 2497 1326 2558 quae

285 2583 321 2642 de
342 2580 440 2639 codice
461 2577 602 2657 Stephani
621 2580 660 2639 ad
679 2599 741 2658 cap.
760 2578 814 2640 32.
835 2601 888 2661 prc
909 2580 1015 2645 Flacco
1038 2582 1174 2642 dicebam.
1218 2581 1254 2643 Si
1275 2601 1326 2640 cu-

284 2685 374 2758 dicet,
395 2699 468 2768 quoe
483 2701 544 2742 nun
563 2683 755 2761 inspeximus,
776 2685 925 2743 exstitisse
940 2704 1078 2762 nmquam
1095 2702 1256 2765 pernegare
1278 2686 1325 2741 ius

284 2795 347 2858 cet,
382 2801 468 2860 quam
491 2769 594 2861 iniqua
622 2793 653 2841 et
682 2786 789 2844 mirera
819 2787 877 2845 erit
903 2788 1074 2862 antiquitati
1103 2788 1183 2845 cmni
1209 2795 1327 2846 statuta

284 2885 424 2947 conditio.
466 2879 566 2942 codex
586 2891 686 2942 autem
708 2887 768 2973 ille,
786 2889 857 2960 petie
876 2888 995 2964 probae,
1016 2905 1081 2947 mcc
1098 2887 1218 2960 iudicia,
1238 2888 1327 2944 cuiue

282 3003 374 3050 cauea
398 2986 516 3044 notulae
546 3002 613 3044 eune
630 2985 769 3046 »coniecit
796 2991 843 3046 vir
867 2990 968 3068 magni
991 2990 1118 3048 neminie
1139 2987 1232 3048 Henr·
1255 2987 1328 3046 Ste-

282 3087 415 3168 phanus,
445 3086 544 3165 paullo
560 3087 652 3147 aliter
672 3089 806 3148 lacunam
831 3088 881 3146 hic
908 3091 1022 3166 aupplet
1042 3088 1243 3161 manifestam,
1278 3098 1327 3146 at-

196 3181 200 3188 '
283 3207 377 3268 quea
400 3188 486 3250 litut.
508 3189 634 3246 relatum
663 3198 725 3264 eut3
773 3192 817 3249 ita
843 3191 971 3250 scilieet:
1006 3188 1137 3248 Primam
1161 3188 1327 3262 Caeciliae,

283 3293 337 3366 qui
359 3287 395 3344 id
415 3287 639 3369 promulgarit,
667 3291 702 3346 irt'
727 3308 784 3368 quc
803 3293 922 3367 fratria
949 3309 1050 3358 catum
1077 3290 1175 3350 lacere
1194 3300 1326 3368 peccet:

283 3403 384 3466 quem,
408 3389 479 3466 qaia
499 3407 551 3448 ree
576 3387 728 3458 iudicatae
751 3391 910 3451 uidebatur
931 3391 1059 3450 calciate
1078 3389 1267 3466 rescindere,
1290 3400 1329 3448 ut

283 3488 462 3563 deciateret,
495 3485 580 3547 Sulla
600 3499 684 3548 recte
705 3491 909 3574 reprehendit.
951 3493 1016 3575 Ege
1038 3510 1108 3551 saue
1133 3493 1176 3550 ita
1197 3492 1328 3564 ederem,

283 3607 349 3647 cum
377 3587 454 3648 nihil
480 3592 585 3650 maline
616 3603 667 3650 aut
688 3595 786 3660 tutiun
813 3594 953 3655 hactenus
977 3596 1125 3673 prelatum
1149 3595 1199 3652 rit.
1244 3591 1329 3651 Mira

283 3691 566 3768 titiunculum,
600 3703 635 3752 ut
657 3694 838 3756 deciateret:
867 3718 904 3756 ex
925 3714 983 3774 qua
1004 3707 1100 3756 tumen
1121 3705 1217 3754 crtum
1237 3695 1327 3754 vide·

281 3801 331 3850 tur
341 3789 567 3872 *Naugerianum
590 3794 680 3870 illud,
709 3804 744 3853 ut
763 3801 977 3871 rectitaerent,
997 3798 1104 3875 ,medio
1125 3797 1237 3854 scilicet
1261 3797 1326 3856 alic

280 3893 385 3952 tuende
406 3894 598 3971 interposite,
619 3907 654 3956 ut
676 3899 863 3958 retieterent.
907 3899 989 3959 Infra
1009 3899 1078 3958 'cuth
1102 3897 1170 3956 Ure.
1192 3906 1227 3955 att
1254 3905 1328 3954 tue-

277 4002 386 4072 retur,
421 3994 497 4054 nnde
517 3995 589 4054 hall.
612 4000 786 4058 coniiciebat
807 4009 842 4056 ut
857 3999 997 4072 fratrem
1026 4009 1172 4058 tueretur.
1213 3997 1326 4056 Melius

278 4093 420 4170 lertaeee,
453 4104 489 4154 ul
517 4113 549 4156 re
581 4106 737 4175 tueretur,
763 4102 841 4180 quud
866 4104 999 4178 proxime
1027 4101 1138 4179 accedit
1170 4102 1324 4180 vulgatae.

277 4193 340 4257 lmc
369 4207 464 4261 totum
492 4199 523 4259 id
550 4209 646 4282 puteat
671 4202 800 4280 auferri,
827 4205 908 4264 nullu
940 4204 1114 4268 detrimenta
1143 4203 1323 4264 sententiae.
