2806 5088
238 399 370 468 onnu
396 373 483 466 uuo
512 397 551 467 r.
578 397 737 466 suren.
782 399 878 467 cnr.
900 397 976 469 vn.
1089 403 1131 473 ιιι

180 578 235 637 ced
254 597 324 637 nore.
335 577 524 657 permissum.
580 574 742 653 Regnamet
760 578 854 638 ,euim
889 569 1036 652 dicitius,
1073 579 1133 637 nisi

91 689 210 740 conatus
232 680 293 738 eius
315 671 442 754 repressi
462 688 567 736 essent.
609 672 649 735 tn
677 684 763 738 totto
783 679 927 757 imperio,
959 678 1075 752 idest,
1099 682 1133 738 in

91 781 259 840 Consulatu.
306 781 362 838 Est
384 789 479 838 cutem
507 785 710 861 argumentum
730 783 772 836 ¹ex'
786 781 964 856 remotione.
1004 777 1081 839 Nam
1106 785 1134 841 ri

90 856 262 942 rex¹Cicero
282 883 357 955 fuit,
386 879 593 954 iniecerant,
622 887 673 936 aut
696 881 845 953 privaturi
882 880 1040 956 nonfuit,
1067 903 1133 942 cum

91 973 154 1042 erat
176 983 303 1056 Consul,
330 993 383 1040 nec
405 982 592 1056 tumetium,
624 1000 689 1039 cum
711 990 774 1038 erat
793 981 940 1057 privatus:
968 1003 1022 1041 rex
1040 985 1135 1060 igitur
1181 975 1185 986 ’

91 1104 148 1142 ιιοιι
177 1085 246 1143 fuit.
275 1084 369 1143 Stat.
399 1115 442 1127 -
475 1081 610 1142 Melissea
632 1081 708 1141 Pati.
733 1100 794 1140 nou
819 1082 927 1141 habent
948 1087 1135 1164 negativam:

93 1187 163 1244 adeo
192 1197 227 1246 ut
246 1186 409 1244 verosimile
425 1186 471 1242 ‘sit
492 1183 724 1256 restituendum,
751 1183 828 1262 qu'od
849 1193 894 1241 est
914 1187 946 1242 in
963 1185 1024 1244 Pai.
1043 1205 1135 1260 nouo,

92 1285 145 1344 sed
164 1306 343 1367 repressum.
373 1287 441 1346 Gru
498 1318 542 1328 —
576 1286 682 1345 Procul
708 1284 795 1343 dubio
815 1287 964 1344 verissime
984 1285 1137 1346 Palatinus

92 1387 139 1445 ille
161 1391 296 1464 optimus,
318 1407 354 1446 ex
376 1404 435 1467 quo
456 1389 539 1464 plura
561 1389 628 1445 loca
644 1386 777 1457 restituit
794 1387 949 1447 Gruterus.
989 1385 1063 1446 Nam
1077 1386 1136 1447 non
1190 1393 1193 1398 '

5 1475 6 1484 ἵ
89 1492 269 1567 permittere
290 1507 431 1566 regnum,
457 1508 510 1565 pro
529 1489 692 1567 impedire,
723 1506 761 1546 ue
783 1490 848 1564 quis
869 1497 991 1568 regnet,
1013 1491 1067 1548 rix
1091 1469 1138 1548 ie-

5 1581 6 1586 *
91 1601 157 1648 rent
179 1609 264 1648 aures
284 1591 415 1649 Latinae.
454 1589 517 1650 Sed
542 1591 706 1670 reprimere
727 1609 851 1666 regnum
876 1587 982 1668 optime
1004 1601 1035 1648 et
1055 1592 1139 1650 Leti-

7 1697 12 1706 “
95 1693 214 1751 nimime
238 1691 355 1750 dieitur.
406 1691 440 1750 Iu
464 1690 583 1750 Franoii
603 1694 697 1766 primo
724 1691 904 1750 desideratur
932 1710 1044 1769 quoque
1068 1712 1138 1771 par-
1219 1725 1222 1730 ·

92 1795 181 1851 ticula
194 1795 332 1874 negandi,
355 1795 527 1870 quamvis‘a
548 1810 637 1850 manu
649 1785 810 1850 recentiore
829 1793 869 1848 sit
884 1792 991 1850 addita.
1014 1793 1140 1854 Gnanv.

92 1929 136 1940 -
166 1895 220 1953 sed
239 1913 297 1951 non
314 1896 505 1974 permissum.
547 1891 694 1950 Gruterus
715 1895 747 1951 in
769 1897 879 1967 optimo
899 1892 1033 1953 Palatino
1051 1914 1141 1970 repe-

93 1999 135 2058 rit
156 1997 210 2054 sed
229 2010 418 2073 repressum:
455 1995 533 2070 quod
554 1996 664 2070 reecpit
687 1997 846 2064 Graeviuo3
882 1997 932 2073 qui
954 1999 1141 2076 permittere

93 2117 216 2179 regnum
245 2103 323 2153 recte
351 2093 408 2150 diei
436 2111 498 2184 nou
522 2102 619 2168 putat.
661 2097 752 2155 lmmo
773 2107 852 2156 reete
874 2097 996 2180 dicitur:
1025 2099 1075 2159 sed
1098 2102 1140 2157 ie-

95 2203 162 2260 uiur
185 2217 246 2262 esse
271 2195 301 2253 h.
324 2196 345 2251 1.
366 2194 497 2268 ridetur,
529 2213 615 2274 quam
629 2216 687 2273 pro
705 2217 755 2271 re,
786 2207 816 2256 et
843 2200 940 2274 potina
970 2219 1025 2276 pro
1053 2215 1141 2258 reore-

95 2303 186 2376 dcre,
221 2299 343 2358 tradere
364 2297 396 2354 in
412 2305 595 2375 potestatem
616 2293 740 2374 dicitur,
771 2319 858 2378 quam
886 2318 941 2376 pro
961 2319 1019 2360 nore
1048 2302 1142 2382 impe-

95 2409 166 2466 dire.
217 2402 284 2461 Non
318 2398 411 2455 audeo
447 2398 774 2485 decernercsEnuusr.
806 2433 849 2447 -
884 2401 939 2460 sed
961 2420 1143 2480 repressum.

94 2508 141 2568 Ita
163 2507 308 2564 Gruterus
329 2510 358 2559 et
385 2498 527 2558 Graevius
549 2519 589 2558 ex
611 2502 721 2578 optimo
741 2503 901 2563 Vaticano:
942 2505 989 2561 cui
1008 2505 1144 2579 proxime

98 2591 212 2666 aceedit
238 2593 320 2666 ιιιιιιεΙ
344 2621 361 2660 e
387 2603 516 2675 nostris,
557 2605 591 2660 iu
621 2621 679 2682 quo
710 2603 864 2677 scribitur,
901 2603 954 2662 sed
980 2604 1143 2684 repulsum·

95 2709 239 2790 vulgati,
263 2705 317 2764 sed
338 2724 394 2762 non
409 2703 604 2781 permissum.
652 2705 692 2764 At
722 2704 854 2788 plerique
883 2703 973 2763 Codd.
1002 2706 1145 2763 omittunt

98 2809 302 2891 negationem,
332 2824 422 2884 quae,
453 2806 629 2883 interpolato
651 2805 766 2865 demum
786 2808 868 2880 loco,
897 2807 996 2866 addite
1017 2807 1145 2874 videtur,

99 2913 239 2972 austun.
267 2943 306 2955 -·-
338 2909 397 2968 Hie
415 2917 445 2966 et
466 2923 554 2980 supra
575 2908 637 2966 cod.
658 2907 744 2966 Baro.
773 2926 792 2965 a
813 2910 943 2990 vulgatis
965 2919 1033 2968 aute
1056 2908 1145 2968 Grut.
1168 2941 1172 2954 =

99 3014 175 3074 nihil
204 3013 334 3072 discedit.
363 3011 528 3092 Generum
558 3040 598 3052 —-
627 3030 685 3069 uon
706 3009 886 3088 permissum
919 3005 971 3088 (sc.
1004 3009 1147 3084 Catilinae

100 3119 221 3192 eiusque
234 3107 336 3192 sociis)
358 3112 461 3169 melius
475 3112 649 3186 respondere
668 3108 765 3171 verbis
780 3129 837 3168 non
852 3113 1027 3170 institutum
1040 3110 1147 3184 existiss
1198 3170 1202 3183 ¹

5 3259 8 3266 .
100 3225 164 3277 mat
192 3211 294 3274 Matth.
321 3215 368 3271 cui
395 3229 453 3266 non
477 3229 646 3289 repressum
674 3214 709 3272 ab
736 3214 915 3290 explicatore
939 3213 1055 3271 videtur
1075 3229 1175 3288 prov
1220 3293 1221 3296 Ἴ
1264 3222 1268 3232 ·

100 3319 228 3387 fectum,
252 3314 337 3394 qued
360 3314 387 3371 si
408 3311 573 3391 legeretur,
602 3315 799 3394 signiticaret,
828 3331 952 3394 regnum
973 3315 1032 3375 iem
1057 3311 1149 3372 fuisse

102 3437 191 3500 penes
222 3413 398 3488 Catilinam,
434 3413 484 3472 aed
514 3413 672 3474 coincituur
702 3433 719 3471 a
744 3414 892 3474 Cicerone.
939 3419 979 3476 At
1011 3426 1057 3474 eet
1079 3415 1151 3472 heco

105 3521 231 3582 oratoria
253 3517 450 3595 amplificatio,
478 3533 571 3592 neque
591 3517 645 3574 illa
665 3518 835 3591 temerarie3
875 3516 1019 3594 siquidem
1035 3511 1150 3593 repres-

89 3599 170 3683 ¹auru
190 3631 234 3680 eat
254 3637 392 3700 reguum,
426 3619 504 3697 quod
526 3616 676 3695 impedivit
697 3617 759 3676 Cic.
782 3638 819 3678 ne
842 3620 1055 3702 institueretur.
1096 3615 1151 3680 Fu.

78 3699 84 3716 ι
195 3723 242 3782 An
267 3731 350 3798 tunt,
364 3723 396 3780 ire
418 3730 504 3779 tanto
526 3720 659 3798 imperio.
700 3721 745 3783 lte
765 3741 865 3780 omnes
883 3719 949 3780 nisi
969 3719 1082 3791 nostri,
1100 3705 1152 3776 re·-¹

6 3883 10 3890 ,
107 3827 256 3903 quiritquc
277 3824 420 3880 sermonis
443 3823 628 3896 consecuti03
650 3807 743 3901 ireque
763 3825 848 3882 aliter
866 3831 941 3882 vett·
963 3821 1028 3879 edd.
1050 3827 1153 3876 neote-

107 3929 189 3985 ricus
208 3927 296 3997 enim,
319 3922 410 3994 Quem
431 3934 494 3982 tum
514 3925 547 3981 in
566 3933 621 3982 etc.
638 3923 743 3993 ‚Gnun
765 3957 806 3968 --
828 3923 950 4006 Legitui·
973 3925 1004 3980 in
1025 3917 1152 3978 secundo

109 4027 229 4087 Franoii
257 4033 287 4082 et
313 4027 405 4102 prima
433 4027 579 4086 editione:
612 4026 660 4084 An
682 4036 715 4084 tte
737 4011 777 4086 irc
793 4035 877 4087 tanto
901 4025 1047 4103 imperio:
1076 4010 1153 4097 quod

110 4145 182 4186 eane
218 4143 278 4185 non
310 4128 459 4200 damnem,
501 4131 632 4207 quamvis
668 4140 729 4188 tom
765 4148 879 4208 quoque
913 4128 1005 4204 poscit
1035 4111 1168 4198 erponi:

112 4231 235 4290 Gsauv.
256 4259 299 4274 -
320 4225 445 4290 Soleune
467 4243 511 4290 ert
533 4231 564 4288 in
586 4232 637 4288 tati
655 4234 915 4312 argumentatione,
937 4235 972 4284 ut
990 4225 1048 4282 duo
1066 4241 1154 4281 mem-
