2806 5088
151 297 164 344 *
264 330 309 406 24
359 409 362 415 ,
490 337 787 408 comunimus.
816 337 866 407 ru
892 337 1098 434 noanon.

266 524 364 591 napae
384 511 421 579 P.
446 515 530 578 Sulla
551 515 608 576 luit
629 535 730 591 reous,
751 535 787 575 ae
810 513 918 577 Caesar
938 517 974 581 et'
989 515 1120 596 Crassus,
1148 514 1203 580 lrao
1224 523 1335 599 auspi.

270 617 355 676 alone
382 618 524 696 perfusus.
565 619 661 681 Multo
691 621 787 698 igitur
815 623 925 694 potiori
953 626 1068 682 ratione
1095 624 1186 682 iurati
1207 624 1333 682 iudiees

270 710 457 794 statuerunt,
488 707 527 782 ¹in
556 723 649 780 altera
678 719 823 780 Catilinae
851 721 1056 782 coniuratione
1074 723 1105 782 P.
1128 725 1240 784 Sullam
1259 743 1332 782 non

271 816 363 878 luisse
391 821 495 883 rideri.
537 822 602 882 lloo
634 825 736 884 saltem
774 822 925 882 oreslemur
953 832 1090 902 oportet,
1120 823 1207 892 fidem
1237 843 1334 884 suam

271 923 401 980 noluisse
424 923 554 984 Tullium
576 927 734 1003 prolicere,
766 940 859 1006 neque
888 927 1104 1003 gravissimum·
1115 926 1208 1002 ipsius
1236 927 1334 983 testi-‘-
1387 967 1388 990 ,

212 1009 214 1020 ’
274 1025 405 1083 monium
437 1025 591 1104 redargui,
632 1043 725 1102 neque
762 1025 888 1096 Sullam.
903 1027 1033 1102 potuisse
1066 1028 1211 1104 eonvinoi.
1240 1026 1333 1086 -lanr

274 1141 343 1184 varo
363 1129 430 1204 quis
450 1127 567 1202 eredat,
600 1127 790 1198 Sallustium,
820 1128 872 1202 qui
902 1143 1013 1184 summa
1039 1145 1110 1185 rura
1137 1129 1173 1188 ab
1198 1129 1334 1198 insertis

276 1205 356 1285 eerta
376 1221 534 1308 (immugit,
567 1231 618 1310 qui
638 1228 671 1288 P.
694 1223 806 1290 Sullam
829 1231 862 1301 in
881 1228 976 1304 prima
997 1229 1218 1318 coniuratione,
1237 1233 1333 1288 ouius

276 1331 412 1408 amultis
439 1332 582 1408 particeps
603 1331 773 1407 dicebatur,
802 1347 864 1398 non
883 1332 1069 1402 numeravit,
1104 1331 1232 1390 eumdem
1252 1331 1334 1392 Sul·
1387 1347 1388 1376 ³

275 1430 334 1490 lam
356 1431 551 1506 insecundo,
569 1434 617 1506 ‚in
639 1426 724 1510 qu'am
745 1432 781 1489 ab
811 1431 876 1488 aliis
898 1432 1087 1506 scriptoribus
1117 1451 1178 1490 non
1199 1437 1335 1493 eoniioi·

276 1537 451 1606 tursinter
471 1537 634 1611 compertos
653 1533 792 1592 facinoris
814 1534 990 1607 collocasse,
1018 1533 1111 1593 Tullii
1128 1536 1185 1594 litle
1204 1538 1335 1596 iutliaii-
1387 1551 1388 1592 3

277 1653 335 1718 que
354 1637 463 1716 publioi
484 1627 629 1716 religione¹
651 1631 818 1695 oontemtal
863 1633 920 1694 Sed
938 1633 1068 1694 Tullium
1092 1638 1178 1696 risnel
1198 1649 1230 1696 et
1259 1641 1334 1700 Sal·

276 1737 408 1804 lurtium,
429 1737 557 1796 absolvit
585 1737 633 1796 hio
662 1738 746 1796 loeus
772 1754 790 1806 a
819 1735 942 1794 Gruteri
968 1735 1122 1813 praesidiis
1149 1741 1334 1800 firmissimis

276 1841 439 1900 restitutus.
490 1840 573 1900 Alius
601 1838 738 1900 nimirum
766 1838 825 1920 fuit
853 1857 871 1896 a
895 1837 1151 1900 nostratium-us
1179 1842 1213 1902 Px.
1237 1843 1335 1908 Sulla

156 1923 158 1930 ¹
196 1983 200 1992 -
278 1937 379 2003 Servii
396 1942 492 2014 illius,
516 1945 567 2020 qui
588 1959 653 1999 oum
676 1941 782 2000 Servio
805 1939 900 2000 fratre
922 1959 939 1998 a
961 1939 1102 2000 Sallustio
1123 1941 1234 2004 dieitur·
1252 1965 1333 2004 oon-

162 2065 176 2086 ·
278 2044 409 2116 iurasse,
443 2063 507 2102 eum
530 2045 631 2102 eodem
656 2061 674 2100 a
696 2041 795 2129 Tullio
816 2041 923 2099 dieitur
942 2040 1033 2100 fuisse
1052 2044 1214 2104 damnatus.
1260 2047 1333 2110 lloo

278 2146 359 2222 ipse,
388 2147 417 2204 si
442 2148 507 2224 quis
534 2143 726 2216 attendisset,
765 2141 889 2220 Crispus
910 2144 1131 2205 subindioabat:
1152 2165 1223 2206 ·our
1247 2153 1336 2213 enim

266 2239 410 2321 'addidit,
446 2245 549 2304 Servii
564 2245 660 2318 fitis„
677 2247 702 2301 si
725 2243 824 2304 eadem
845 2245 918 2302 alius
940 2263 1023 2305 nemo
1040 2245 1167 2309 babebat
1185 2253 1334 2314 nomiari

280 2365 380 2407 nonne
419 2349 462 2406 sie
493 2348 542 2406 P..
559 2348 671 2408 Sullam
698 2345 793 2406 Servii
827 2345 922 2404 filium
955 2350 1137 2431 ooniuratum
1174 2357 1274 2414 voluit
1313 2377 1333 2418 a

280 2457 403 2526 nostro,
441 2469 524 2529 quem
558 2452 655 2527 paullo
681 2460 748 2528 post
771 2449 921 2522 nominat,
952 2447 986 2504 P.
1012 2449 1096 2510 Sulla
1124 2454 1333 2538 distingueret

280 2549 421 2611 Potestne
447 2556 508 2612 ulla
541 2555 636 2612 maior
664 2551 795 2612 Tullium
829 2551 908 2619 inter
936 2558 1028 2630 atque
1056 2551 1229 2616 Sallustium
1263 2581 1333 2624 esre

281 2654 461 2716 oonaorliei
489 2653 576 2715 Mitto
597 2657 708 2734 pluras,
725 2655 797 2712 satis
818 2655 894 2710 enim
917 2660 1017 2726 patet,
1040 2653 1175 2714 Publium
1195 2672 1333 2725 nostrum

192 2833 194 2842 Ι
282 2773 379 2837 neque
405 2759 501 2818 Servii
527 2756 663 2831 fratrem,
701 2776 794 2835 neque
816 2756 915 2816 Servii
935 2755 1026 2816 filium
1047 2759 1209 2818 existimari
1231 2781 1333 2840 porse.

283 2854 416 2926 Quodsi
439 2857 529 2916 Dioni
550 2860 711 2933 eredimus,
732 2861 760 2916 ei
780 2858 870 2916 luisse
889 2866 1025 2934 patruum
1046 2855 1242 2937 Dictatorem,
1265 2873 1335 2928 'erit

189 2989 191 2996 s
283 2977 353 3017 sane
382 2947 686 3037 quamverisimile,
710 2962 799 3020 alium
823 2957 958 3017 Publium
978 2959 1061 3017 Luoii
1084 2960 1203 3020 fratrem
1222 2983 1336 3042 paren..

282 3051 349 3120 t'eml
370 3063 414 3119 illi
440 3062 587 3135 tribuere,
623 3064 700 3139 quod
726 3064 789 3138 ipse
810 3061 841 3118 in
862 3061 1120 3154 filioopraenopren
1142 3060 1272 3127 servarit
1296 3093 1335 3132 ex

234 3179 237 3188 ’
283 3161 352 3222 XV.
375 3164 412 3222 orl
432 3162 500 3246 Div.
525 3164 572 3219 17.
601 3157 704 3240 [§.2.]
728 3161 804 3221 Tum
825 3181 896 3241 vero
918 3163 968 3220 ille
990 3151 1140 3239 Servius,
1157 3171 1208 3248 qui
1235 3171 1334 3234 frater

283 3245 449 3323 Dictatoris
470 3273 610 3339 putatur,
647 3266 682 3324 ab
705 3268 798 3325 altero
820 3267 924 3326 Seruio
950 3265 1120 3338 deseendet,
1147 3271 1210 3328 eius
1230 3272 1336 3338 Publil

283 3365 393 3439 fratre,
425 3368 477 3446 qui
503 3365 602 3448 Sullae
630 3365 792 3426 Dictatoris
818 3385 890 3427 avus
916 3366 982 3425 fuit.
1025 3365 1106 3425 Haeo
1126 3363 1224 3431 omnia
1244 3378 1334 3438 vide.

284 3476 335 3526 tur
362 3470 583 3545 praenominum
609 3471 686 3527 ratio
717 3471 847 3530 firmaret
883 3469 1000 3526 consule
1028 3455 1151 3538 stemma
1178 3474 1334 3543 Sullarum

285 3569 364 3643 apusl
387 3568 490 3646 Sigon.
508 3571 545 3627 ad
567 3570 632 3630 biv.
656 3570 758 3631 XXV.
784 3575 832 3630 lu.
880 3568 989 3626 'l'amen
1006 3589 1125 3647 vereor,
1159 3581 1256 3636 rosit
1281 3601 1336 3641 er.

285 3689 343 3729 ror·
365 3691 405 3730 ex
428 3673 614 3748 praenomine
635 3672 726 3732 Dioni
748 3673 891 3731 subortus.
935 3669 1008 3730 Nam
1031 3669 1134 3734 Cieero
1162 3693 1221 3736 oon
1240 3684 1334 3756 ¹morin
1387 3661 1388 3724 ἷ

285 3773 365 3832 inira
387 3789 451 3847 oap.
470 3773 523 3832 26.
545 3774 589 3850 [S.
607 3772 677 3852 72]
713 3775 749 3834 L.
778 3773 890 3834 Sullam
919 3769 1018 3834 Publii
1036 3785 1172 3852 patruum
1193 3797 1254 3839 non
1276 3803 1335 3862 ap-

287 3876 424 3950 pellavit3
446 3877 657 3935 verumetiam
678 3876 719 3938 ll.
736 3875 771 3934 tle
791 3876 872 3938 offic.
893 3877 921 3933 8·
943 3873 988 3952 [ᾗ.
1004 3876 1068 3955 Pil}
1094 3877 1129 3938 de
1150 3880 1206 3942 boo
1225 3882 1350 3947 Publio'

285 3973 426 4056 loquens,
454 3975 638 4052 Diototore,
655 3981 729 4051 uit,
756 3979 925 4060 propinquo
956 3997 1029 4053 auo,
1052 3982 1104 4040 ubi
1122 3993 1202 4044 uerte
1211 3995 1336 4064 potrus

285 4098 360 4154 eoo,
391 4081 418 4137 si
437 4097 522 4140 varus
540 4089 616 4140 esset
633 4078 730 4154 Dion,
757 4081 876 4152 videtur
894 4079 984 4140 luisse
1003 4079 1145 4142 neturus.
1175 4084 1248 4148 -Sie
1268 4091 1337 4150 ita.

285 4199 344 4264 qua
366 4178 402 4246 P,
430 4192 460 4248 at
488 4182 705 4245 Summanos
735 4185 883 4244 coniurati
907 4191 1042 4258 patruum
1064 4183 1248 4250 Dinaterem
1277 4191 1337 4253 be-
