2792 5086
255 335 342 468 ‘210
456 365 618 436 senon
644 361 840 434 Anonos.
867 363 914 434 m
941 365 1144 469 cresson.

278 547 371 626 ipsius
392 544 496 603 indicii
517 543 635 604 modum
652 550 780 602 tractare
797 541 954 621 sdgressus
976 553 1034 618 cst,
1056 554 1086 604 et
1107 543 1268 630 ostendere
1286 543 1329 627 ⁸⁷)

216 716 223 738 '
278 645 425 726 quaesisse
448 647 550 705 Gallos
572 646 607 704 de
629 641 672 704 .L.
695 639 796 702 Cessio
817 643 953 724 Longino
976 643 1217 720 quemadmodum
1242 645 1332 726 Syllo

277 757 355 808 esset
376 749 532 807 animatus.
574 743 615 806 Et
636 745 692 803 boc
713 763 762 802 eos
782 743 896 818 iecisse,
920 763 981 801 non
1005 742 1121 822 quode
1145 747 1209 804 eius
1235 751 1332 806 mori-

276 851 331 910 bus
352 858 382 908 ct
402 851 552 928 proposito
571 846 732 907 voluntatis
753 848 864 924 aliquid
885 847 1047 918 audissent,
1069 847 1119 906 sed
1142 848 1221 925 quod
1248 846 1328 906 lacte

276 951 424 1011 mentione
447 947 507 1010 .1‘.
531 947 689 1021 Autronii,
711 966 797 1025 quem
818 957 985 1007 consortem
1005 946 1095 1006 luisse
1121 949 1325 1026 praecedentis

197 1045 200 1050 ’
276 1054 357 1126 illius
386 1051 421 1110 de
452 1051 561 1110 ambitu
591 1039 786 1130 damnationis
814 1050 988 1123 endierant,
1019 1049 1242 1107 existimassent
1276 1053 1324 1108 ali·

276 1153 347 1232 quid
377 1153 465 1212 etism
493 1150 529 1209 dc
559 1152 763 1210 coniuratione
797 1149 1003 1230 quaerendum.
1058 1147 1174 1208 Deinde
1202 1153 1328 1210 vincen-

276 1264 321 1313 ter
338 1247 381 1330 118)
400 1252 507 1312 subicit
525 1267 696 1326 ressponum
720 1251 803 1311 Cassi
826 1251 898 1310 illud
918 1269 1009 1311 unum
1030 1252 1259 1328 respondentis,
1283 1258 1328 1312 ni-

275 1354 320 1414 bil
342 1372 374 1412 se
400 1353 435 1411 de
458 1352 507 1410 .t>.
527 1351 611 1429 Syllo
633 1354 708 1411 scire
725 1372 778 1429 pro
800 1363 889 1414 certo.
923 1333 1091 1430 'ibidemque
1112 1354 1226 1426 statim,
1251 1359 1330 1432 quod

276 1451 331 1515 nos
353 1455 454 1533 spari
479 1453 620 1528 dicimus,
647 1452 843 1513 defensionem
865 1454 1079 1531 complectitur,
1102 1455 1202 1512 dicens
1225 1455 1330 1514 huius-

278 1555 358 1618 modi
378 1573 550 1632 responsum
572 1553 654 1614 Cassi
672 1552 718 1633 89)
742 1575 796 1634 pro
822 1574 856 1613 eo
878 1553 1041 1613 babendum
1060 1563 1149 1631 etque
1171 1557 1199 1612 si
1220 1575 1329 1638 neges-

278 1667 323 1717 set
352 1655 411 1714 .l>.
442 1655 553 1733 Syllam
583 1657 699 1714 sceleris
722 1655 809 1714 buius
833 1674 894 1714 esse
919 1643 1108 1733 participem:
1139 1661 1327 1733 quoniemis

279 1760 331 1836 qui
360 1756 395 1815 de
423 1758 556 1816 omuibus
587 1757 833 1816 instructissimus
867 1757 974 1831 luerit,
1005 1758 1039 1816 de
1068 1756 1124 1816 boc
1154 1759 1222 1818 ideo
1255 1762 1327 1820 nibil

280 1859 448 1935 scripserit,
468 1851 523 1935 ⁹⁰)
545 1855 729 1935 quod‘Sylle
749 1858 892 1916 innocens
910 1867 1001 1917 esset.

364 1991 399 2050 δι
432 2005 662 2052 nrsnouorssrr
700 2006 779 2049 rosor
815 2005 948 2050 suurrsrr
985 2011 1026 2053 nr
1067 1983 1170 2057 sucum
1206 2014 1331 2058 sacrorn

280 2094 414 2155 Susurri.
727 2095 729 2105 ’
1000 2089 1006 2103 “

381 2193 428 2256 Ad
464 2192 591 2252 formem
625 2195 822 2254 concessivam
856 2213 996 2255 resocsns
1034 2202 1330 2279 argumentationem,

283 2295 400 2357 etirmss'
423 2287 466 2373 ⁹¹)
495 2296 703 2370 quaerentibus
732 2295 826 2354 Gallis
847 2299 1043 2374 respondisset
1067 2301 1112 2360 ὡ.
1137 2297 1256 2361 Cassius
1275 2304 1324 2361 .Ρ.

272 2398 396 2476 ¹Syllam
424 2394 512 2456 buius
531 2397 600 2453 initi
613 2385 659 2475 ⁹2)
689 2406 792 2456 contre
817 2417 879 2456 rem
910 2417 949 2474 .p.
977 2404 1095 2460 sceleris
1123 2419 1189 2460 esse
1208 2406 1330 2480 pertici·
1383 2421 1384 2426 ’

282 2517 365 2579 pem,
394 2498 492 2558 valere
521 2515 582 2555 non
608 2497 740 2558 debuisse
765 2501 978 2576 pro‘crimine3
1010 2502 1129 2580 quod*)
1155 2502 1335 2576 facilecre·

284 2598 400 2658 deretur
423 2598 523 2672 illum,
544 2618 601 2677 quo
624 2617 703 2677 spem
725 2599 918 2662 robustiorem
939 2603 1031 2662 Gallis
1053 2604 1150 2679 duret,
1189 2605 1226 2666 de
1251 2610 1337 2670 nobi.

285 2771 495 2786 Μ

356 2880 403 2943 87)
430 2881 494 2928 cod.
511 2888 535 2929 et
553 2884 701 2932 ostendens.

357 2970 403 3033 88)
422 2969 491 3018 Note
508 2965 655 3016 adverbium
675 2970 819 3020 vincenter.
847 2971 879 3022 A.
892 2973 928 3020 ill.
949 2995 982 3011 ι-
1009 2974 1078 3022 idem
1095 2973 1196 3048 legitur
1218 2977 1252 3028 in
1275 2985 1340 3032 snti.

209 3049 212 3054 ’
289 3071 339 3118 quo
359 3059 526 3106 commentar.
545 3055 576 3102 ed
593 3059 660 3104 oret.
679 3069 725 3114 pro
745 3055 800 3104 Mil.
821 3059 1035 3121 crp.18,2.peg.
1054 3065 1111 3111 118.
1129 3062 1271 3117 editicii.
1294 3071 1340 3119 Fr.
1380 3089 1381 3120 l

356 3142 402 3220 86)
424 3158 487 3209 cod.
514 3170 628 3207 cassum.
656 3153 739 3223 [quod
764 3157 846 3217 ipsum
870 3158 898 3208 in
917 3159 957 3208 ed.
985 3175 1025 3220 pr.
1051 3162 1134 3212 llleius
1151 3167 1273 3219 retineri
1294 3175 1339 3222 lor·
1379 3197 1380 3206 κ

288 3244 366 3296 lassis
386 3259 463 3308 posse
486 3242 659 3294 existimabat.
687 3239 753 3310 Fun]
1379 3261 1380 3325 p

356 3332 403 3393 90)
428 3334 468 3379 lte
486 3330 543 3381 cod.
562 3331 710 3392 scripserit,
730 3331 776 3378 sed
794 3346 827 3380 ex
846 3332 1061 3394 praecedentibus
1077 3334 1182 3387 videtur
1200 3343 1340 3406 corrigen-

288 3419 348 3466 dum
366 3417 466 3469 scieris.

355 3503 402 3566 ill)
426 3501 488 3551 cod.
516 3503 604 3552 ctiam.
624 3504 655 3552 A.
677 3505 712 3552 Μ.
740 3527 773 3540 -
803 3505 882 3552 istem
902 3520 966 3554 vero
992 3505 1092 3555 Codicis
1109 3507 1257 3562 lectionem
1285 3518 1338 3564 iure

289 3588 434 3649 repudiarit
455 3587 551 3640 Maius.
596 3589 686 3648 Neque
705 3587 774 3637 enim
796 3603 886 3639 cerere
906 3593 930 3640 b.
954 3594 972 3644 l.
997 3607 1133 3653 possumus
1162 3600 1339 3651 conditionali

287 3675 424 3736 particule.
476 3677 514 3723 ct.
544 3689 610 3736 quee
634 3672 726 3734 scripsi
754 3674 781 3723 in
809 3679 957 3728 Observett.
984 3681 1058 3730 critt.
1092 3680 1119 3728 in
1143 3685 1239 3742 quosd.
1267 3690 1338 3739 locos

277 3759 456 3836 ,quinctiliani
472 3775 529 3823 peg.
551 3763 593 3814 19.
608 3757 647 3828 ¹⁸¹¹)
675 3765 701 3810 et
718 3761 751 3809 ad
770 3763 849 3815 Rutil.
876 3767 990 3826 Lup.ll.
1015 3763 1100 3831 5.17.
1123 3782 1183 3830 psg.
1204 3773 1251 3825 ed,
1269 3790 1338 3825 mm

288 3848 346 3898 178.
370 3847 419 3893 Fn.

355 3929 400 3998 92)
420 3931 483 3981 cod.
501 3934 582 3984 s'rss'ts'r'.
608 3934 705 3981 confer
723 3947 772 3994 pro
791 3935 897 3986 Plancio
912 3936 957 3988 IX.
973 3942 997 3988 l.
1019 3933 1076 4004 [ubl
1090 3937 1170 3998 quum
1182 3945 1252 3999 cod.
1266 3961 1340 4008 prce·

286 4015 360 4068 beret
380 4020 483 4068 tritium
506 4017 584 4085 (quod
604 4016 714 4066 retinuit
740 4019 860 4072 Schuetz.
885 4023 957 4073 Tom.
981 4023 1051 4073 xvi.
1074 4028 1102 4074 P.
1117 4027 1164 4079 lll.
1194 4037 1340 4095 pag,17r.

286 4118 324 4154 vs.
344 4101 381 4168 d.)
399 4103 483 4154 Melus
503 4103 584 4153 edidit
603 4105 703 4153 tottam.
722 4102 788 4173 Fut]

355 4185 384 4260 *l
400 4190 519 4244 Sebusts.
535 4191 647 4256 quando.
671 4191 742 4244 ldem
759 4192 856 4256 legitur
874 4193 903 4246 ln
921 4197 962 4246 ed.
978 4195 1083 4247 Mediol.
1108 4212 1147 4262 pr.
1170 4201 1225 4250 Fre.
