2806 5088
306 393 348 460 as
524 353 821 484 communita.
851 381 897 448 m
927 379 1130 449 cronnon.

395 563 423 620 si
441 557 509 618 eidi
524 576 595 618 snos
613 558 725 638 pudor.
767 554 840 622 coa.
863 557 953 620 Henr.
977 554 1079 636 Steph.
1098 575 1187 636 quom
1209 559 1266 620 sili
1291 573 1348 622 etc.

239 675 242 682 ’
310 669 472 727 Gaurion.

394 783 452 824 non
465 761 647 845 prodesset.
681 762 762 829 Quae
782 777 843 818 non
860 758 984 838 profuit.
1021 758 1146 818 Manus.

395 867 442 926 ita
468 882 501 924 se
526 863 661 941 gerebat.
703 860 845 921 Damnati
876 860 910 917 de
938 860 1086 918 ambitu
1075 879 1108 918 ιιι
1133 833 1265 921 exsilium
1291 885 1350 926 non

298 971 393 1052 'ibant
422 977 489 1026 ante
519 963 688 1024 Ciceronem
717 964 879 1039 consulem3
915 963 962 1020 illc
987 960 1131 1020 damnatis
1148 965 1264 1060 omilium
1288 969 1351 1048 lege

308 1075 378 1152 lata
391 1071 553 1149 irrogavit3
573 1086 626 1143 pro
651 1063 774 1124 Murena
797 1061 881 1154 ¹[cap.
896 1063 989 1138 325
971 1063 1021 1138 ἐξ.
1037 1066 1087 1129 67.
1106 1066 1157 1122 68.
1192 1063 1234 1122 cf.
1257 1067 1351 1128 Erue.

311 1175 362 1232 stii
383 1170 465 1230 Clau.
488 1169 581 1234 Cicer.
605 1186 670 1246 pag.
684 1168 735 1224 tl.
752 1166 812 1244 ιφ]
838 1165 965 1228 Munna.
1036 1238 1040 1246 f

293 1349 296 1356 Ι
344 1349 346 1356 ¹
394 1279 580 1359 amplissimie
603 1271 767 1336 ordinibus.
814 1276 847 1334 ld
868 1285 931 1351 est,
963 1273 1088 1334 Senatui
1109 1284 1138 1333 et
1156 1281 1285 1354 equestri
1308 1300 1353 1339 or·

311 1385 384 1444 dini.
420 1353 513 1441 8ιινῖ
565 1462 570 1471 Ι

396 1488 581 1551 calamitate.
626 1485 743 1561 idest,
777 1485 1027 1546 condemnatione.
1058 1485 1153 1545 Sssv.

394 1635 424 1710 ς.
441 1633 490 1691 ro.
512 1631 809 1710 qooomgtmm—
824 1629 954 1690 samson.
978 1627 1023 1688 cs.
1038 1594 1102 1689 caol
1114 1629 1187 1687 ιιι.
1208 1629 1237 1705 t.
1250 1633 1281 1691 ι.
1308 1633 1353 1691 n.

395 1752 509 1802 noctem
533 1740 790 1826 solitudinemque⁸⁸
813 1735 860 1796 'In
884 1740 988 1817 quibus
1015 1733 1196 1798 consilios'de
1218 1743 1355 1800 coniura-

313 1846 393 1907 tione
416 1845 572 1924 agitarent.
603 1841 697 1901 δην.

398 1983 428 2058 ξ.
456 1985 503 2038 17.
547 1983 639 2051 eiecto
667 1981 728 2039 cicc
755 1981 867 2037 emisso.
913 1978 1062 2039 correctio
1086 1985 1149 2052 est,
1182 1978 1220 2039 ad
1243 1983 1354 2042 evitan-

314 2089 379 2148 dam
401 2084 549 2143 invidiam.
580 2081 736 2142 Sus.-
768 2079 812 2140 Cf.
836 2079 921 2140 Catil.
943 2081 979 2140 11
1002 2101 1044 2160 pr.
1073 2081 1135 2140 Fu.

398 2183 498 2266 tubas,
524 2181 647 2258 soleae,
675 2181 782 2259 cigna,
813 2182 1117 2260 legionensium,
1146 2193 1178 2242 ut
1210 2187 1253 2246 ait
1282 2187 1356 2246 Non.

273 2300 276 2304 '
313 2287 484 2362 Marcellus,
514 2284 595 2363 [pag.
622 2286 694 2356 556,
716 2285 767 2340 2⁰.
790 2256 929 2360 Meroen]
960 2302 1108 2344 armornm
1129 2305 1241 2364 genero
1259 2299 1357 2362 erant,

314 2407 464 2450 marorum
480 2385 709 2467 oppugnationi
712 2391 799 2464 apta.
842 2385 980 2446 Sisenna:
1002 2385 1108 2445 Fnleee
1132 2387 1259 2446 iniectas
1286 2409 1357 2448 com·

315 2483 462 2560 minuunt,
481 2487 734 2568 pluteospropine
749 2487 866 2544 collatio
884 2484 1031 2566 harpagio
1048 2487 1212 2562 deiciunt,
1228 2492 1358 2550 ,mittunt

314 2607 332 2652 e·
357 2590 504 2652 terrilae.
549 2589 687 2670 Vegetius
718 2588 770 2646 lib.
795 2585 847 2648 Ν.
880 2586 938 2665 [de.
957 2609 991 2646 re
1020 2591 1107 2649 milit.
1129 2607 1191 2666 cap.
1220 2598 1273 2653 14.
1305 2592 1358 2670 pn]

314 2692 432 2754 Faiecm
453 2712 516 2750 esse
543 2689 615 2750 dicit
644 2689 773 2769 tradem,
812 2709 888 2768 petae
909 2689 1022 2749 adnnoo
1039 2693 1360 2772 feo-roprnefigitnr,

315 2805 350 2856 nt
373 2795 409 2852 do
433 2810 517 2849 moro
545 2782 692 2848 cetratos
717 2791 843 2870 lapidee.
896 2792 942 2851 En
967 2794 998 2848 in
1021 2785 1168 2851 testudine
1195 2799 1293 2853 muris
1316 2816 1360 2871 ap-

313 2894 420 2974 plicari
441 2895 526 2951 solet.
550 2891 645 2951 Sum.
670 2923 707 2936 -·
732 2893 802 2964 tint·
825 2893 1010 2972 Augustinus
1033 2893 1127 2952 deleta
1148 2897 1360 2972 interpunctio-

314 3000 361 3056 nis
377 3004 449 3052 nota
464 2996 550 3076 legit2
568 2995 655 3071 signa
677 2991 814 3070 legionis.
851 2996 929 3076 quod
951 3003 1046 3053 antem
1069 2994 1161 3056 nihilo
1182 2999 1295 3076 magis,
1319 3011 1362 3058 aut

314 3091 411 3158 miuus
435 3098 524 3154 etiam
547 3092 657 3155 servit:
690 3113 756 3152 nani
785 3106 852 3172 post
879 3098 1127 3154 enumerationem
1147 3099 1361 3160 instrumento

312 3221 395 3280 rum,
430 3196 539 3257 milites
568 3197 693 3280 denique
723 3173 801 3274 ipsos
829 3199 998 3278 subiungit:
1036 3201 1142 3258 deinde
1168 3219 1271 3258 omues
1299 3212 1363 3270 sunt

314 3317 433 3360 numero
462 3297 659 3376 multitudinis
688 3297 725 3358 ad
753 3300 951 3382 aggeranduns
978 3303 1084 3361 scelus.
1121 3302 1154 3362 F.
1178 3301 1299 3368 Unsrn.
1330 3334 1363 3348 -

313 3401 381 3460 Pal.
405 3420 500 3460 nouns
513 3403 643 3482 faeces,
671 3389 815 3490 probabili
835 3402 1052 3476 emendatione,
1073 3404 1123 3462 sed
1143 3405 1244 3464 forsan
1264 3409 1365 3464 minus

313 3517 401 3577 vera;
438 3520 505 3560 nam
530 3501 715 3560 falcariorum
742 3497 877 3588 meminit
901 3503 1061 3565 Nostesl.
1092 3503 1216 3566 Catilio.
1242 3525 1317 3584 cap.
1339 3513 1365 3566 4.

315 3603 358 3680 [ξ.
375 3605 406 3664 8.
437 3605 497 3662 ubi
514 3603 575 3663 vid.
598 3603 725 3661 Bouher
750 3605 833 3664 infra
860 3625 923 3684 cap.
924 3598 999 3666 18.
1026 3601 1055 3676 ξ.
1078 3605 1146 3685 52]
1169 3608 1224 3666 sed
1246 3611 1367 3688 quid
1348 3631 1378 3666 ιι

306 3705 412 3780 falces
440 3705 721 3784 comprehendantur
742 3708 858 3764 nomine
880 3727 1043 3781 armorum,
1079 3711 1157 3787 quod
1181 3711 1378 3783 praecessitl

317 3806 417 3868 Gaas
437 3836 481 3852 --
502 3807 620 3866 Habent
642 3806 835 3881 certefclcee
855 3817 920 3869 cum
940 3812 1004 3870 eod.
1022 3811 1142 3870 Barber.
1162 3816 1266 3870 omnes
1288 3817 1369 3881 editi

317 3924 441 3990 qnorum
470 3921 515 3968 est
544 3909 614 3966 mihi
641 3911 741 3986 copia,
775 3912 862 3990 idque
889 3913 1019 3970 defendit
1047 3912 1211 3971 Bouherius
1233 3914 1277 3972 ad
1304 3919 1329 3976 1.
1349 3937 1369 3972 ι.

298 4013 348 4072 irs
368 4010 456 4073 Catil.
479 4011 556 4088 quod
580 4031 634 4091 ego
658 4021 754 4068 tamen
775 4015 833 4070 alia
854 4016 969 4072 ratione
991 4015 1123 4073 defendo.
1168 4013 1245 4072 Nam
1271 4017 1371 4076 fasces

315 4114 399 4190 dico,
420 4118 525 4193 quibus
545 4108 701 4170 Catilinam
721 4133 804 4172 usum
826 4135 887 4172 esse
908 4127 1040 4188 constat,
1070 4117 1106 4174 ab
1125 4118 1282 4176 Autronio
1309 4133 1371 4194 post

314 4218 376 4274 eius
404 4207 561 4275 discessum
590 4215 670 4304 mitti
698 4232 759 4272 non
789 4219 936 4296 potuisse,
971 4234 1037 4275 cum
1065 4236 1115 4276 eos
1136 4220 1199 4297 ipse
1231 4217 1372 4280 Catilius
