2792 5086
99 339 106 350 “
181 385 318 458 carr.
341 385 434 454 ιιιο
463 385 502 453 ι.
522 385 682 460 soson.
727 384 825 489 ct?-
845 385 1007 466 XXXffl·
1053 403 1113 472 ¹9¹

74 567 112 628 ab
129 565 246 633 Tullio:
273 585 364 644 nequo
384 557 461 626 enim
481 567 534 624 ille
552 572 651 639 potest
669 563 749 624 eludi
768 561 922 628 Coelianaa
944 572 1027 633 loeus
1047 590 1115 639 eum

74 672 168 728 altero
195 667 367 728 Vatiniauae
389 670 573 728 consentiens
601 684 663 742 cap.
681 663 716 724 7.1
753 665 822 726 Hoc
844 669 930 746 dieo,
954 693 1012 734 aon
1030 678 1117 738 modo

48 837 53 844 Ι
75 772 105 834 si
127 771 227 830 socies
249 771 482 845 conius-otiosis,
512 769 566 828 secl
587 769 649 826 nisi
666 769 890 830 inimicissimus
910 776 1002 836 iatius
1024 782 1116 860 scole·

74 871 123 930 ris
152 870 275 943 fnisset
305 867 467 949 (Coelius),
493 843 649 947 nomqucds
680 869 897 931 coniunctionis
923 883 1118 940 eccusctlanb

75 973 308 1048 adolescentiam
328 991 412 1031 suom
426 971 619 1051 potissimam
641 969 841 1029 comacendare
864 976 1015 1038 coluisset.
1056 981 1117 1044 Do·

75 1072 148 1133 inde
171 1094 235 1133 cum
256 1074 400 1152 duplicem
420 1074 541 1134 Antonii
566 1074 777 1135 accusationem
796 1076 855 1132 riri
876 1076 1038 1140 doctissimi
1054 1063 1118 1145 stass

77 1184 174 1250 taant,
195 1195 232 1236 ex
265 1175 319 1234 bac
345 1192 410 1233 mea
431 1175 589 1232 collatione
618 1174 751 1235 lucorum
772 1177 921 1251 sequitur,
949 1197 1055 1257 unam,
1082 1199 1119 1248 ue

76 1272 159 1335 Dion
185 1278 312 1351 indicat,
338 1294 459 1354 eamque
482 1275 518 1332 de
538 1274 740 1336 coniuratione
760 1274 859 1334 fuisse.
901 1277 1044 1359 Ferentio,
1065 1289 1118 1366 qui

77 1377 237 1437 Antonium
259 1397 277 1436 a
297 1377 444 1451 Maximo,
466 1395 525 1435 non
547 1395 565 1433 a
586 1373 686 1434 Coelio
706 1396 870 1454 oppressum
890 1390 986 1456 putat,
1009 1387 1117 1452 iterum

79 1497 196 1556 oppono
217 1478 346 1538 Tullium
366 1477 431 1537 sod.
456 1497 519 1555 cap.
538 1480 568 1535 7.
614 1476 686 1536 Cum
709 1475 854 1558 (Coelius)
876 1498 915 1538 en
936 1478 1117 1563 reipublicae

78 1600 173 1640 conso
196 1591 294 1654 esset,
320 1573 403 1666 quibi‘
415 1581 529 1658 quidem
552 1578 718 1652 multotum,
755 1579 815 1639 sibi
835 1589 932 1642 tomen
953 1587 1117 1663 gloriosam
1140 1608 1142 1616 ’

77 1683 238 1742 uictoriam
261 1692 449 1742 consecutos.
499 1681 577 1751 Quid
607 1677 738 1744 elariust
770 1681 838 1741 Una
859 1685 1022 1764 'eademque
1054 1692 1117 1754 luit

78 1780 202 1842 Maximi
223 1795 254 1842 et
275 1782 368 1842 Coelii
381 1759 545 1842 *accusatio
582 1782 644 1840 luto
663 1783 798 1841 Valerios
817 1775 1116 1874 Max.1v.n.[o.o.]'

78 1886 197 1944 tertium
218 1897 415 1943 accusatorem
434 1883 516 1943 addit
531 1881 685 1942 Caninium
700 1883 828 1944 Gallum.
871 1885 933 1946 Hos
949 1902 1028 1951 recte
1045 1895 1118 1954 οοιι»Ι

77 1981 180 2064 iunxit
201 1987 378 2050 Freinshem.
405 1987 551 2065 supplem.
575 1983 992 2052 humilitatione
1004 2016 1119 2090 nempe

34 2123 38 2134 ‚
78 2108 156 2150 nnus
179 2087 352 2170 (Maximum
366 2109 420 2170 ego
436 2087 522 2167 puto)
541 2092 658 2168 proprie
678 2105 829 2150 aecusator
848 2092 916 2167 luit,
939 2099 1027 2157 ceteri
1047 2099 1119 2158 sub-

43 2259 45 2264 ,
80 2195 248 2272 scriptores.
296 2193 409 2252 Omnia
435 2193 478 2251 sic
510 2191 623 2270 optime
645 2193 848 2252 conciliantur.
898 2195 1002 2259 Confer
1027 2204 1118 2266 etiam

79 2313 154 2374 quae
180 2295 306 2354 diximus
329 2294 365 2353 od
386 2309 446 2373 cap.
467 2296 520 2354 38.
542 2313 595 2371 pro
616 2277 732 2352 Flacco.
774 2293 830 2352 His
855 2299 1026 2375 praemissis
1049 2305 1117 2364 tsn-

82 2397 146 2456 dem
166 2397 359 2475 intelligitur,
386 2398 418 2453 in
437 2397 649 2454 coniurationis
671 2395 842 2472 quaestione
863 2400 1052 2461 reiectionem
1072 2407 1117 2467 rei

83 2495 192 2571 luisse,
213 2513 272 2555 nou
291 2496 488 2572 accusatoris,
512 2507 616 2556 contra
637 2489 782 2554 sentiente
802 2483 951 2559 Manutio:
968 2490 1065 2579 'atque
1086 2509 1118 2568 id

82 2609 150 2657 ante
177 2599 270 2676 legem
292 2596 440 2655 Vatiniam
462 2597 639 2668 obtinuisse,
669 2615 743 2678 quae
762 2599 984 2658 comnsodiorem
1004 2612 1119 2668 tantsun

66 2703 140 2760 ‚reis
168 2701 249 2757 illam
281 2699 469 2755 reiectionem
498 2697 578 2756 feeit.
642 2697 760 2774 ltaque,
796 2717 861 2757 cuns
889 2699 921 2758 I..
951 2687 1119 2781 Torquatus
1186 2684 1188 2688 7

81 2802 282 2870 quaesitorem
318 2815 353 2856 ao
382 2797 495 2856 indices
521 2798 691 2880 delegisset,
725 2797 853 2858 indicum
879 2803 1006 2875 relectio
1037 2826 1056 2865 a
1083 2807 1118 2870 P.

80 2903 168 2964 Sulla
189 2911 233 2961 est
255 2882 449 2981 interposit'c.
493 2899 526 2959 ln
552 2892 725 2958 reiectoium
747 2899 843 2960 locum
869 2903 942 2962 alios
965 2907 1121 2974 Quaesitor

79 3007 206 3066 sonasse
224 3013 425 3081 proposuerat,
444 3003 547 3082 quibus
569 3001 736 3080 Torquatus
758 3015 788 3062 ot
806 2992 1017 3084 subscriptores
1039 3011 1120 3086 (vida

80 3109 120 3168 ad
142 3126 218 3185 cop.
213 3103 294 3185 18)
320 3105 486 3183 adquieturi
507 3109 684 3168 viderentur.
727 3106 786 3165 Sed
808 3119 884 3165 certe
906 3118 1000 3168 totum
1022 3115 1121 3184 consi

79 3211 166 3284 lium,
188 3223 273 3286 quant
292 3207 457 3265 tardissime
477 3186 614 3284 potuere,
636 3209 743 3265 iterum
762 3207 794 3264 bi
814 3208 997 3285 delegerunt.
1027 3211 1121 3274 Recta
1156 3285 1159 3296 Ι

79 3319 179 3370 autem
209 3309 272 3368 cod.
299 3307 475 3368 barberinae
505 3307 638 3379 exhibet,
666 3323 734 3383 coa,
769 3311 931 3374 reiectione
965 3323 1021 3373 etc.
1058 3315 1122 3376 sina

76 3411 250 3491 importuna
269 3411 373 3487 copula
394 3420 434 3469 et.
459 3408 623 3470 Gonnos.

167 3513 241 3592 puid
261 3516 297 3574 de
318 3531 361 3570 nee
377 3512 509 3592 populus
532 3509 682 3570 Romanoa
703 3499 902 3573 existimaret.
954 3517 1046 3586 Quem
1073 3502 1123 3578 ici

79 3618 216 3695 telligere
244 3616 411 3691 cupiebam,
435 3633 508 3694 ¹non
530 3623 719 3685 manatura,
755 3613 807 3672 sed
832 3615 1007 3692 reipublicae
1034 3637 1124 3680 causa

80 3737 215 3778 severum
237 3720 270 3776 in
291 3716 435 3793 improbos
456 3717 565 3782 luisse:
598 3718 697 3796 itaque
718 3714 818 3776 Sullae
835 3719 1001 3780 innocentis
1025 3719 1124 3782 deleu-
1218 3711 1220 3718 ’

81 3821 195 3878 sionem
216 3819 339 3878 libenter
361 3821 487 3896 suscepi«
518 3817 643 3888 Μιιιιιι.
690 3878 692 3882 .

169 3920 202 3978 in
224 3922 382 3998 improbos.
425 3907 611 3981 coniuratos.
645 3921 737 3982 δην.

167 4021 346 4080 innocentis.
388 4023 497 4084 Sullae.
532 4023 624 4083 Srsv.

162 4139 224 4204 par
238 4123 291 4182 bos
305 4142 426 4185 mensas,
445 4125 528 4184 Licet
542 4127 696 4197 conticere,
711 4122 823 4183 Sullam
838 4141 856 4182 a
870 4122 1009 4186 Cicerone
1026 4125 1127 4187 delen·

84 4243 150 4288 sum
180 4227 279 4288 atatim
298 4238 367 4307 post
388 4228 450 4288 eius
471 4230 670 4310 consulatum,
692 4224 724 4284 id
744 4235 808 4302 ost,
829 4225 931 4287 Silano
954 4238 983 4287 et
1001 4225 1127 4291 Murena
