2806 5088
184 393 188 402 ·
221 385 354 456 onsr.
386 387 474 454 ono
503 388 541 457 a.
571 388 731 458 sucos.
774 391 868 458 cro.
889 389 947 459 rx.
997 373 999 378 ’
1061 396 1106 463 53

57 567 138 628 Haec
159 583 247 641 porro
268 565 326 624 tuit
346 565 445 624 Lamb.
467 565 636 626 distinctio:
666 567 756 626 Cuiao
780 569 914 629 vicarius
939 577 995 626 otc.
1020 571 1102 629 inco·

57 670 118 727 re'ri
138 687 218 726 acmo
241 675 359 746 potest,
385 667 471 746 longe
498 666 584 727 adest
609 667 645 725 ab
668 688 700 727 ec
725 678 780 726 eto.
826 667 885 729 Sed
906 689 977 749 ego,
1000 673 1102 749 qnam-'

58 788 147 851 qnam
167 767 239 825 ferri
263 767 467 842 aliquomodo
489 770 610 846 vulgata
626 778 740 846 potest,
775 788 797 844 a
815 769 941 830 Graevio
970 774 1014 829 sic
1042 792 1118 852 non·

58 870 195 944 discedo,
216 878 250 924 nt
270 865 403 941 copulam
425 876 539 926 tantum
560 868 720 928 addendam
742 881 858 946 putem,
882 891 968 948 quam
987 894 1024 933 ex
1047 893 1100 934 suo

57 971 157 1029 codice
184 969 290 1028 obtolit
311 966 349 1026 H.
371 967 555 1042 Stephanus,
591 988 648 1048 qua
670 970 783 1029 demum
804 973 904 1032 addita
923 993 1018 1035 sermo
1039 995 1100 1035 tne-

57 1075 118 1131 lius
144 1069 316 1142 cohaerere,
350 1078 381 1127 et
403 1067 545 1128 inferiora
565 1090 630 1131 cum
651 1073 849 1146 superioribus
872 1061 942 1134 milii
964 1076 1101 1136 videntur

59 1147 164 1246 aptius
188 1171 328 1248 colligari.
372 1169 417 1228 lta
439 1189 510 1251 ergo
532 1194 570 1232 ex
593 1172 674 1233 tisis
695 1173 814 1250 optiniis
838 1177 919 1235 locus
944 1181 1100 1238 constitni-

60 1286 128 1334 tur:
155 1269 392 1349 longouiana
405 1289 449 1328 mc
469 1276 558 1351 regat
575 1276 704 1356 euspicio
727 1269 759 1331 ct'
777 1277 806 1331 ai
826 1278 948 1354 qaaerit
965 1291 1018 1338 etc.
1036 1281 1100 1340 Ga·

59 1391 178 1434 aaron.
200 1405 243 1416 —
270 1372 377 1434 Abesse
397 1378 530 1452 copulam
552 1374 582 1433 b.
604 1377 625 1432 l.
644 1377 748 1436 melius
770 1385 854 1453 putot
873 1376 1010 1440 Wolffius.
1045 1381 1113 1442 Fr.

145 1547 173 1624 ξ.
199 1545 250 1602 27.
293 1541 426 1623 replicet.
470 1543 503 1603 ld
533 1531 595 1619 est,
627 1546 769 1605 revolvas.
813 1543 980 1606 Transtulit
1000 1557 1099 1610 autern

57 1658 102 1706 ex·
119 1665 197 1705 more
218 1655 365 1720 veterum,
394 1646 445 1720 qni
465 1664 530 1705 cnm
560 1649 600 1704 in¹
614 1646 694 1704 foliis
715 1644 851 1706 arborum
871 1648 919 1708 vel
942 1650 1099 1711 corticibus

55 1747 241 1820 scribebant,
263 1746 333 1805 lolia
355 1756 407 1804 aut
428 1751 551 1808 cortices
573 1747 674 1805 ordine
695 1745 852 1824 dissposito
873 1751 1031 1811 volvebant
1047 1762 1100 1811 aut

55 1850 220 1928 plicabant:
248 1867 313 1907 cum
341 1867 411 1907 vero
440 1850 537 1930 legere
565 1847 719 1920 volebant,
747 1849 919 1908 evolvebant
938 1859 990 1920 aut
1010 1836 1099 1930 repli-

55 1951 173 2009 cabant.
197 1950 293 2010 δην.
316 1979 360 1993 -
386 1949 598 2033 ct.t01.cgg.
620 1949 673 2012 lll.
695 1949 744 2008 14.
764 1949 912 2031 malleone
930 1955 1098 2012 memoriam

53 2062 228 2132 temporum.
262 2049 317 2110 Fa.
396 2039 400 2050 ’
632 2053 643 2064 “’

144 2170 296 2230 annalium
315 2173 491 2231 memoriam.
530 2171 564 2234 ld
579 2182 653 2249 cst,
672 2172 763 2232 libros
784 2175 943 2234 annalium.
983 2171 1099 2232 Princi-
1139 2177 1150 2244 f

53 2274 105 2352 pio
131 2271 240 2330 Romae
267 2288 328 2331 non
359 2283 443 2332 erant
470 2272 658 2335 historiarum
687 2275 864 2349 scriptores3
901 2284 935 2332 ut
954 2275 1032 2332 onim
1054 2277 1097 2332 ait

53 2371 159 2432 Cicero
188 2373 263 2432 libro
284 2372 319 2432 de
342 2375 467 2435 Oratore
488 2375 526 2436 ll.
565 2375 642 2461 [cap.
670 2377 721 2435 12.
747 2377 777 2452 ξ.
799 2374 865 2454 52]
895 2373 976 2434 Erat
1002 2372 1097 2433 bitte·
1174 2417 1179 2424 -

50 2477 104 2534 oio
123 2471 198 2532 nibil
218 2475 308 2551 alind,
328 2477 391 2535 aiei
410 2477 559 2537 annalium
580 2479 750 2554 confectio:
775 2495 840 2536 cum
860 2479 907 2538 cci
926 2477 1099 2541 momoriae-

53 2594 112 2654 quc
134 2573 276 2656 publicae
302 2578 473 2638 retinendae
495 2595 588 2636 cauca
608 2577 645 2635 ad
663 2579 752 2637 initio
775 2597 881 2636 rerum·
897 2577 1099 2637 Romanorum
1200 2620 1201 2623 η

51 2676 210 2756 usquead
231 2674 267 2734 P.
284 2677 410 2738 blutiaco
429 2677 517 2738 Pom.
540 2676 627 2737 Mac.
647 2698 697 2738 rac
718 2697 815 2740 omnen
839 2680 1022 2758 singulorum
1044 2698 1098 2737 aa·
1201 2759 1206 2769 *

51 2795 159 2838 noram
175 2778 349 2837 mandabat
377 2780 489 2838 littorio
523 2777 613 2838 Poat.
650 2780 734 2841 Mea.
766 2779 966 2861 ffcrcbotquc
994 2781 1027 2838 ia
1053 2781 1099 2838 cl·

52 2878 133 2938 bum:
156 2890 187 2938 ct
204 2863 390 2959 proponebat
412 2881 543 2942 tabulam
565 2885 659 2959 domi,
674 2895 813 2964 potentes
835 2893 871 2942 at
891 2891 971 2941 essct
985 2882 1098 2962 populo

52 2981 260 3059 cogaoeccada'.
306 2984 386 3060 iique
412 2985 540 3043 Annales
558 2983 680 3044 Maximi
702 2988 902 3049 nominantur.
946 2982 1033 3042 Hanc
1055 2984 1099 3039 si·

51 3081 251 3141 militudinem
270 3082 413 3166 scribendi
433 3087 519 3144 multi
536 3089 629 3144 acenti
649 3098 738 3162 sunt,
760 3089 812 3165 qui
833 3089 897 3145 sinc
918 3087 986 3143 ullis
1007 3101 1098 3142 orna·

50 3181 161 3240 mentio
188 3192 376 3241 monumenta
400 3203 519 3244 suorum
541 3196 723 3264 temporum,
751 3187 921 3260 hominum,
954 3187 1096 3260 locorum,

50 3291 258 3363 gestarumque
283 3302 381 3342 rerum
405 3286 592 3361 reliquerunt.
638 3289 799 3348 Annalibus
819 3287 995 3364 Pontificum
1015 3283 1095 3344 blax.

50 3383 155 3442 Cicero
183 3383 259 3442 libro
286 3384 321 3442 dc
347 3384 473 3464 Legibus
496 3387 519 3445 l.
551 3385 625 3465 [cap.
646 3391 677 3448 2.
709 3393 737 3468 ξ.
756 3387 801 3466 6.]
829 3398 918 3470 negat
940 3386 1096 3467 quidquam

50 3504 114 3543 esse
140 3487 305 3544 iucundius.
352 3485 431 3546 ldens
451 3488 517 3547 illos
539 3492 673 3548 nominat
699 3493 809 3568 primos
830 3490 971 3550 historiae
988 3487 1096 3548 Roma.

48 3604 108 3644 nae
133 3587 287 3663 scriptores
314 3567 456 3663 latinos,
491 3588 613 3656 Fabium
633 3592 796 3667 Pictorem,
827 3592 983 3662 Catonern,
1010 3587 1095 3648 Piso·

48 3705 134 3760 nem,
166 3685 328 3761 Fannium4
359 3687 531 3760 Venonium.
575 3691 638 3752 Soli
661 3705 756 3754 autem
778 3704 839 3752 tum
859 3695 978 3752 annales
998 3701 1095 3762 crant,
1175 3767 1182 3774 .

50 3805 118 3848 cum
145 3787 187 3847 Μ.
217 3787 343 3848 Manlius
374 3789 506 3850 affectati
529 3796 611 3874 regni
634 3792 786 3855 maratus
816 3797 852 3854 de
872 3815 945 3854 saxo
967 3793 1095 3867 Tarpeio

48 3888 83 3942 in
104 3885 233 3946 Tiberim
253 3893 464 3967 praecipitatus
490 3906 552 3968 est,
576 3908 609 3954 ut
629 3907 674 3954 cst
692 3897 769 3974 opud
794 3895 855 3956 Tit.
886 3896 950 3956 biv.
973 3895 1021 3953 lib.
1043 3891 1094 3960 vr.

50 3986 127 4065 [cap.
142 3987 208 4064 tn]
231 3989 322 4055 δην.

138 4124 176 4164 ce
199 4107 368 4168 domesticiis
389 4106 567 4190 iamgiaibas
590 4116 730 4176 inuenies.
768 4115 806 4175 H.
828 4137 856 4180 e.
878 4118 955 4176 inter
976 4116 1097 4174 maiores

54 4218 121 4274 tuor
145 4211 283 4272 invenies.
313 4210 469 4277 Statura·
493 4250 534 4263 -
569 4215 608 4276 Μ.
628 4205 769 4286 Manlium
790 4217 952 4298 significat,
974 4218 1024 4299 qui
1046 4215 1097 4278 dee
