2792 5086
119 456 124 462 „
202 375 336 446 ORA'l'.
366 375 453 443 PRO
482 375 520 445 Ρ.
552 375 710 448 SULLA.
770 378 864 450 clu
887 384 961 452 Vll.
1024 389 1109 458 203

63 557 164 631 toqui
194 553 422 620 subveniendum
442 571 501 612 non
525 564 611 630 putas
639 559 870 636 innocentibusi
904 557 972 620 Non
993 526 1130 622 tantum*

64 679 135 738 ergo
158 677 189 716 sc
208 657 366 770 liberarit,
400 656 450 714 scd
473 656 654 736 Torquatum
675 661 768 720 multo
790 663 922 734 acerbius
952 671 1104 745 proscidit.

149 823 195 883 An
222 841 275 882 suc
302 841 399 883 arrnn
428 836 564 882 assarna
592 829 665 910 asan
695 841 856 906 vonnrsrr,
885 852 947 894 cun
973 834 1107 906 Turinus-

64 943 143 986 nsunt
170 923 358 996 Er,Nun1sn1
386 941 425 984 nn
447 940 492 982 nra
517 941 656 984 sanarunt
677 943 882 992 Pnnnnnmuns
906 951 1013 996 sanans
1034 955 1106 998 assa

64 1045 194 1087 nrxrsrr.
1032 1039 1035 1046 '

152 1127 317 1194 Novitatem
338 1118 487 1193 Ciceronis
506 1129 601 1186 multi
613 1131 727 1211 quidem
745 1151 796 1209 per
815 1133 868 1191 illa
887 1146 1016 1215 tempora
1037 1161 1107 1200 con-

66 1232 195 1292 tumeliis
224 1234 338 1314 agitare
358 1231 540 1302 voluerunt,
559 1231 603 1310 ⁴³)
633 1221 669 1289 ut
689 1230 817 1294 Catilina
844 1247 874 1294 et
894 1237 1029 1318 Clodius,
1058 1247 1107 1324 ⁴⁴)

68 1350 98 1396 et
127 1337 206 1414 ipse,
242 1335 374 1412 quamvis
404 1334 515 1410 collega
545 1330 649 1406 fuerit,
687 1332 730 1393 .C.
756 1338 912 1398 Antonius.
937 1341 983 1417 ⁴⁵)
1015 1343 1108 1404 'Nam

69 1439 142 1518 quin
170 1437 329 1496 virtutibus
357 1434 517 1492 obtrectare
544 1452 603 1492 non
629 1444 783 1511 poterant,
819 1442 880 1520 eius
913 1423 1109 1522 humilitatem

68 1539 209 1622 natalium
238 1533 379 1595 maledica
397 1536 597 1592 insectatione
626 1536 792 1610 carpebant.
842 1541 1035 1605 Notisslmum
1063 1557 1110 1606 est
1142 1619 1145 1634 .
1190 1616 1193 1622 .

69 1652 167 1700 autem
185 1639 277 1698 luisse
300 1635 468 1696 Ciceronem
498 1637 620 1694 natione
647 1639 777 1697 vulscum
803 1642 915 1718 Arpina
939 1651 1110 1724 municipio,

69 1742 147 1803 unde
164 1743 209 1800 illi
230 1739 369 1817 quaedam
388 1736 608 1815 peregrinitatis
629 1737 663 1795 ab
684 1739 861 1800 inrisoribus
884 1751 1112 1810 concionabatur

69 1846 201 1906 infamia.
242 1839 313 1938 iN⁰⁰
331 1841 362 1896 in
385 1839 546 1916 praesentis
569 1857 673 1896 causac
694 1840 803 1900 iudicio
823 1843 990 1930 Torquatus
1010 1871 1112 1928 peper-

70 1945 170 2024 ce'rat,
206 1945 285 2003 iacta
319 1941 467 1998 mentione
498 1957 602 2016 regum
636 1944 858 2022 peregrinorum
895 1947 1048 2028 Tarquinii
1082 1967 1114 2016 et

70 2051 194 2112 Numae.
252 2043 362 2102 Fuerat
388 2041 465 2098 enim
495 2039 625 2114 Popilius
647 2040 695 2120 ⁴⁶)
725 2041 850 2106 Curibus
876 2051 986 2110 sabinis
1014 2068 1112 2117 ortus:

74 2151 252 2228 Tarquinius
279 2163 351 2204 vero
382 2143 500 2200 Priscus
526 2139 698 2202 Demaratlsi
725 2143 772 2222 ⁴⁷)
798 2151 925 2209 corinthi
944 2151 994 2234 ’44)
1025 2160 1114 2234 filius,

74 2255 126 2332 qui
150 2251 266 2330 fugiens
288 2245 513 2304 dominationem
533 2239 664 2322 Cypseli,
693 2245 725 2302 in
745 2245 859 2306 ltaliam
885 2253 917 2309 'se
938 2254 1114 2335 Tarquinios

75 2357 255 2424 contulerat,
276 2349 373 2426 ibique
393 2345 499 2404 liberos
519 2357 732 2422 procreaverat.
775 2351 1046 2419 Animadvertamus
1069 2376 1115 2422 ta-

75 2475 143 2514 men
164 2453 282 2530 quantis
304 2449 411 2506 aculeis
433 2448 601 2524 asperitatis
622 2449 772 2508 tallionem
795 2451 847 2510 .Μ.
871 2451 986 2518 ΤιιΙΙίιιι
1002 2437 1117 2540 λιρΐεῑιιι

76 2557 126 2614 bic
148 2555 319 2630 Torquato,
351 2567 436 2626 quern
465 2549 573 2624 partim
603 2545 786 2625 despiciendo
809 2556 876 2632 plus
898 2537 987 2620 abicit
1008 2575 1039 2624 et
1060 2565 1117 2626 bu·

258 2757 265 2769 ἱ

145 2838 193 2900 43)
214 2833 274 2886 cod.
298 2833 440 2882 voluntat.

147 2935 193 3004 44)
212 2941 337 2998 Magnam
359 2937 392 2984 do
410 2947 458 2984 sno
472 2922 606 2982 nbbllitate
624 2926 770 2998 opinionem
790 2941 979 3006 strepentem
998 2951 1121 3004 claudiae

78 3028 191 3078 familiae
210 3025 313 3073 insitam
329 3025 440 3072 tesmtur
458 3021 539 3070 Tacit.
558 3023 621 3072 ann.
637 3027 657 3070 l.
673 3025 698 3073 4.
736 3025 868 3076 intertum
885 3031 1021 3099 Neronem,
1041 3027 1122 3090 matu·
1221 3038 1229 3062 ⁸

80 3129 142 3167 '⁴⁴¹⁴
163 3112 261 3176 4447444)
289 3108 436 3172 41444ῗαῖ4444
453 3109 544 3167 441444)
570 3111 617 3158 ted
631 3117 719 3160 uetera
734 3121 813 3176 atqua
829 3117 914 3166 incita
934 3121 1059 3171 Clandcire
1076 3129 1123 3191 fa.

81 3202 170 3252 miliae
188 3197 320 3258 superbia.
352 3194 467 3242 Eandem
484 3193 513 3242 in
530 3195 613 3257 Appio
631 3197 740 3249 Pulchro
758 3202 795 3250 .l’.
810 3203 894 3252 Clodii
912 3207 993 3256 luntre
1011 3209 1127 3272 exagitat

81 3289 137 3336 Cic.
160 3283 193 3332 ad
212 3282 292 3332 famil.
311 3283 357 3331 lll.
369 3284 395 3329 7.

107 3431 108 3434 ,
152 3385 197 3452 45)
221 3387 261 3435 De
278 3369 394 3436 catilina
409 3385 437 3433 et
457 3365 571 3440 {intortio
593 3386 725 3434 confirmat
740 3386 868 3446 ¹riscusrius
888 3394 921 3440 ad
939 3397 1006 3447 orat.
1022 3396 1050 3446 in
1067 3395 1134 3462 toga‘

84 3477 160 3526 carrd.
182 3476 228 3523 sub
251 3473 294 3522 fin.
321 3469 408 3538 [Tam.
424 3469 493 3520 XVl.
522 3471 551 3518 Ρ.
568 3472 602 3520 ll.
620 3473 800 3536 pag.219.sq.
818 3478 857 3528 ed.
874 3479 992 3534 Schuetz.
1017 3475 1074 3534 Vol.
1085 3479 1128 3537 11.

83 3567 113 3614 Ρ,
127 3565 148 3612 Ι,
177 3574 234 3623 pag.
257 3561 316 3606 526.
346 3559 427 3608 Orell.
451 3553 515 3622 Fra]
541 3555 603 3604 lenit
627 3561 746 3608 orationi
764 3563 898 3612 Ciceronis
926 3576 952 3616 et
969 3569 1087 3619 Catilina
1104 3581 1132 3620 et

84 3650 217 3699 Antonias
238 3641 422 3693 eontunneltesfe
440 3645 646 3709 responderunt,
677 3647 746 3710 quod
769 3649 851 3698 solum
867 3661 1007 3719 pomam,
1033 3655 1135 3706 imm,-

88 3743 118 3787 s'n
137 3739 279 3784 novitatem
301 3735 368 3780 enta.
414 3729 418 3738 '
973 3733 975 3738 .

157 3838 204 3899 46)
232 3837 274 3885 Sic
299 3836 376 3882 etiam
398 3832 515 3882 Schuetz.
540 3845 586 3894 pro
612 3844 644 3878 eo
663 3834 730 3892 quod
745 3835 828 3912 ¹scribi
856 3817 963 3890 debebat
981 3815 1134 3906 Pompilius.

91 3925 161 3974 ldem
192 3922 280 3984 paullo
306 3923 367 3981 post
398 3918 499 3980 scripsit
523 3915 675 3971 Demarati.
714 3921 753 3972 Cf.
775 3925 891 3988 interpp.
917 3928 948 3975 ad
971 3929 1028 3979 lrir.
1050 3935 1071 3983 l.
1094 3921 1135 3982 dd.

93 4011 161 4077 Η.
185 4009 237 4058 Fa.
831 4037 834 4045 ,
874 4035 876 4044 ,

160 4113 207 4176 di)
238 4109 300 4158 Cod.
322 4109 471 4156 Demartbe'.
615 4087 617 4092 .

164 4213 211 4300 ts)
241 4210 571 4263 inconsonantes.
