2786 5084
84 345 87 352 ’
198 397 334 465 ouon.
361 399 449 466 uno
477 399 515 468 n.
538 396 705 468 sunno.
751 373 859 488 ⁴coo.
882 367 1015 473 auru:
1054 363 1122 480 v135

77 578 134 636 bom
161 573 323 634 Romanum
349 573 458 651 latuit,
493 577 543 636 sed
564 597 643 636 moro
664 578 796 654 Latino,
827 583 871 638 uti
900 584 932 640 in
956 585 1024 642 aliie
1047 588 1120 644 loeis

76 679 171 751 dixit,
205 683 239 734 ut
266 676 394 735 vidimus
424 679 455 736 in
484 677 680 754 Catilinariis,
710 681 825 772 popubo
854 679 987 744 Romano
1015 685 1116 746 latuit.

75 781 170 840 Loeus
192 789 236 837 est
256 779 341 836 valde
369 781 606 863 eontaminatus‚
635 780 713 857 quod
738 779 855 862 “iffi
882 794 912 843 et
929 796 1041 845 veteres
1069 808 1118 846 ar-

75 888 171 964 guunt
201 863 364 939 editiones,
404 879 510 939 Frane.
537 881 681 940 secundus
708 891 739 939 et
765 881 855 941 editio
882 887 991 965 prima:
1035 887 1119 947 Nun.

76 981 288 1062 quam'poss‘ta
310 987 362 1038 eut
378 983 408 1039 in
429 991 555 1040 senatu:
577 981 709 1042 relaturi
726 1003 790 1042 eum
810 985 842 1042 s'n
867 984 1044 1065 Capitolium
1064 1010 1119 1050 noo

76 1095 211 1144 senatum
230 1101 476 1144 convocaremus.
519 1082 600 1143 Pith.
617 1087 723 1164 posita
744 1096 790 1144 est
813 1087 845 1144 s'n
867 1099 983 1162 senatu,
1008 1112 1037 1150 r.
1062 1063 1143 1155 loti¹

75 1207 141 1248 cum
168 1187 201 1244 ist
234 1184 419 1262 Capitolium.
466 1183 693 1244 Mediolanensis
726 1181 833 1246 editio:
868 1187 959 1262 ferri
987 1206 1115 1275 coepte:

75 1307 230 1367 numquam
255 1287 356 1366 posita
384 1294 430 1343 eet
458 1288 489 1343 s'n
510 1296 635 1346 senatu:
664 1289 785 1365 rogatio
806 1288 872 1348 lata
893 1299 961 1348 est:
990 1314 1055 1354 oum
1086 1301 1117 1356 ἑκ

75 1388 258 1471 Capitolium
274 1403 329 1445 nos
342 1397 476 1446 senatum
495 1406 743 1449 convocassemus.
778 1388 890 1449 Victor.
904 1391 1012 1454 editio:
1025 1397 1118 1470 ferri
1191 1389 1194 1394 ¹

72 1499 202 1572 coepta,
224 1507 378 1566 numquam
392 1490 497 1568 posita
520 1498 568 1546 est
589 1491 621 1548 iu
642 1500 768 1565 senatu,
786 1493 931 1573 populum
951 1494 1116 1560 Romanum

71 1593 180 1652 latuit.
221 1588 294 1650 Cum
317 1591 367 1650 diu
390 1591 423 1649 de
445 1589 501 1648 boe
520 1595 586 1651 loeo
607 1595 789 1672 cogitassem,
818 1595 1019 1674 animadverti,
1042 1600 1115 1660 haee

70 1696 179 1767 verba,
193 1693 300 1771 posita
320 1699 367 1752 est
386 1693 418 1749 iss
439 1703 562 1768 senatu,
579 1693 724 1773 populum
744 1693 907 1756 Romanum
928 1697 1031 1774 latuit,
1052 1722 1114 1761 esse

72 1797 173 1874 spuria
202 1801 232 1852 et
259 1795 461 1870 supposititia,
496 1804 611 1852 utnon
633 1801 748 1854 tentum
770 1799 916 1856 sententia
938 1809 968 1858 et
988 1800 1116 1862 Romani

71 1897 215 1958 sermonis
236 1895 393 1974 integritas
411 1897 560 1971 postulati
591 1893 676 1978 (quisi
695 1897 772 1955 enim
791 1905 836 1954 est
850 1915 963 1976 ponere
989 1912 1042 1961 aut
1064 1905 1113 1962 de-

66 2012 182 2080 ponere
211 1998 302 2073 legem
324 1997 356 2054 iu
380 1995 513 2056 senatu?
547 1997 699 2075 ¹quomodo
728 1997 825 2076 potuit
849 2002 956 2076 populo
975 2002 1112 2084 'Romano

68 2105 179 2175 latere,
210 2097 288 2176 quod
309 2099 488 2176 propositum
509 2095 589 2178 esti)
619 2099 669 2157 sed
692 2109 722 2157 et
745 2109 876 2176 veteres,
905 2103 951 2161 uti
975 2106 1111 2178 vidimus,

69 2205 151 2275 libri,
163 2205 206 2259 'in
225 2196 329 2278 quibos
344 2217 418 2280 pop.
440 2197 525 2261 Rom.
548 2199 642 2260 latuit
662 2220 723 2259 non
739 2201 857 2280 legitur.
892 2191 1038 2264 Videntur
1058 2227 1112 2267 su-

71 2317 130 2364 tesu
150 2304 319 2381 irrepsisse,
341 2320 407 2362 cum
429 2304 587 2360 oscitantia
605 2301 720 2360 librarii
740 2303 862 2382 repetita
882 2315 959 2363 esset
978 2327 1037 2367 vox
1054 2330 1111 2390 po-

60 2395 135 2466 sito
155 2425 192 2464 ex
213 2400 402 2483 praecedente
422 2421 525 2462 versu:
557 2401 606 2462 lox
628 2404 689 2461 dies
702 2401 778 2476 fuit
793 2405 898 2481 posita
908 2423 1045 2489 pouooe3
1068 2414 1112 2472 sio

72 2513 150 2568 enim
168 2526 222 2589 pro
238 2502 404 2584 proposita
423 2503 531 2583 legitur
551 2506 585 2562 in
602 2503 782 2562 Pithoeeno:
814 2513 844 2562 et
864 2495 969 2567 itidem¹
982 2495 1111 2589 ¹repetita

70 2631 130 2672 vox
148 2616 280 2670 senatum
299 2621 337 2662 ex
357 2614 494 2681 sequente
513 2625 610 2666 versu.
662 2603 753 2664 Forte
773 2604 902 2686 margini
920 2608 981 2669 fuit
999 2615 1110 2674 adseri-

70 2724 153 2792 ptum
174 2707 311 2787 rogatio,
340 2706 418 2783 quod
436 2714 481 2765 est
500 2709 534 2766 in
550 2699 770 2769 Mediolanensi.
814 2706 906 2786 Spero
929 2730 1039 2790 omnes,
1059 2720 1110 2795 qui

59 2805 179 2874 'iudicio
200 2811 318 2882 valent,
338 2805 429 2883 mibi,
450 2807 501 2866 ubi
520 2807 609 2878 verba
630 2808 814 2890 ineptissima
836 2821 923 2870 reete·
940 2817 1108 2882 eonsiders-

68 2917 183 2988 verint,
204 2927 385 2970 assensuros.
427 2907 533 2972 Delere
551 2921 649 2972 tomen
670 2909 799 2970 nondum
820 2927 915 2990 ausus,
929 2937 1011 2991 sum,
1041 2921 1109 2996 quio

60 3018 169 3097 posita
197 3021 243 3072 ast
269 3013 301 3068 s’u
329 3019 434 3070 senatu
462 3013 496 3072 in
524 3016 658 3074 omnibus
680 3011 827 3090 codicibus
850 3013 966 3096 legitur.
1007 3017 1042 3080 Si
1061 3023 1109 3080 vel
1156 3075 1159 3080 .

66 3135 145 3176 unus
165 3116 292 3174 melioris
321 3115 411 3176 notae
434 3091 486 3173 illu
513 3134 584 3200 nonu
599 3114 786 3196 agnovisset,
815 3117 862 3175 vti
890 3120 1026 3177 nonnulli
1046 3137 1107 3178 non

66 3224 233 3300 agnoscunt
263 3215 413 3292 sequentia
435 3217 575 3296 populum
593 3211 756 3276 Romanum
775 3213 887 3292 latuit,
919 3236 953 3275 ea
982 3218 1107 3279 delevis-

64 3341 137 3380 sem.
180 3317 266 3378 Nune
287 3327 317 3375 et
337 3315 385 3373 hie
406 3333 520 3393 pannus
542 3336 685 3397 purpurae
705 3313 870 3392 Tullianae,
891 3327 926 3377 ut
941 3320 1031 3395 ‹muiti
1047 3322 1107 3396 elii,

65 3423 189 3482 adsutus
218 3429 263 3477 est
292 3415 440 3477 ferendus.
473 3409 596 3478 Gasav.
620 3445 664 3462 ·-
701 3417 767 3476 Meo
790 3426 893 3476 tumen
909 3420 1018 3479 inslioio
1039 3399 1105 3498 pot-

54 3525 112 3582 'est
132 3521 181 3579 hie
200 3516 299 3595 loeus,
327 3538 388 3579 non
416 3520 511 3578 (litam
538 3522 571 3578 in
600 3521 748 3602 integrum
771 3520 904 3593 restitui,
930 3521 982 3580 sed
1002 3524 1106 3582 radius

63 3623 218 3683 constitui.
262 3623 392 3696 Saltem,
419 3639 505 3700 quarn
526 3621 612 3681 nobis
633 3621 803 3682 iaeultetem
825 3621 937 3680 codices
957 3621 1106 3700 praebent,

63 3745 130 3786 eam
152 3743 212 3782 non
233 3723 425 3806 negligamus.
468 3720 651 3782 Mendacium
670 3723 755 3798 illud,
771 3721 876 3804 popul.
898 3720 981 3780 Rene
1003 3723 1105 3797 latuit,

51 3823 116 3886 'eur
142 3826 244 3886 Tullio
271 3823 366 3884 adhue
393 3823 494 3902 inique
524 3821 726 3903 sdfingsmusi
770 3822 886 3884 Desunt
905 3843 941 3883 ea
962 3825 1050 3884 verbe
1072 3825 1104 3881 in

51 3928 157 4007 'priori
176 3943 291 4006 quoque
308 3925 437 4001 Veneta,
465 3944 538 4004 quae
559 3944 625 3985 eum
643 3921 748 3985 Frobe.
768 3944 828 3985 see.
849 3936 907 3985 eto.
926 3927 1010 4004 plene
1031 3909 1104 3981 eon-

51 4025 164 4088 sentit.
214 4029 313 4088 bitere
338 4025 450 4086 Veneta
469 4027 687 4092 Mediolanensi,
703 4030 885 4106 praeiverat,
919 4027 1103 4106 giossamque

62 4131 208 4192 diversans
229 4126 386 4202 exhibens,
412 4105 563 4208 utrbmque
584 4129 729 4190 convellit.
773 4131 984 4201 Quamobrem,
1011 4126 1103 4184 donee

63 4233 171 4294 melius
194 4231 303 4312 aliquid
322 4231 536 4308 ‘nanciscamua
565 4234 606 4292 ita
627 4215 780 4312 legendum
802 4248 919 4290 oensem
955 4225 1020 4293 issa
1042 4225 1105 4286 dies
1180 4303 1183 4311 Ι
