2792 5086
285 336 351 464 ee
493 363 791 462 5555555555.
821 381 883 463 nu
897 381 1103 464 5155555,
1146 345 1150 354 ’

278 563 375 643 mgis-
391 573 437 623 est
456 566 579 642 uirum,
596 561 743 646 'quodibi
762 562 902 639 pertulit,
929 545 1062 622 esm‘hie
1080 563 1155 623 ferre
1180 583 1242 624 non
1267 582 1322 638 po·

278 666 380 724 tuisse.
402 665 523 726 Genus.
544 695 588 710 -
607 663 682 723 Piin.
703 663 743 724 Η.
761 664 798 724 Ν.
816 661 928 724 xuni.
947 666 978 723 3.
1002 667 1156 726 convietus
1180 668 1212 724 iu
1230 665 1322 726 hessis

280 765 367 826 uuo.
391 767 477 850 pFns
959 779 966 788 '

362 871 554 948 essu·megis
574 869 781 944 etfelieitote
805 887 825 927 5
847 887 910 944 me,
940 887 1027 947 quom
1048 870 1165 948 virtute
1195 880 1225 928 et
1248 885 1323 928 ‘oon-

277 965 347 1052 silio
366 983 455 1054 gestu
475 991 540 1032 esse
563 973 736 1031 videantur.
781 970 891 1029 nauem
910 967 1055 1030 sententie
1083 975 1116 1030 in
1139 993 1183 1050 ep.
1204 973 1242 1030 ud
1263 973 1326 1032 Me-

138 1160 145 1175 .
177 1125 180 1130 .
275 1077 380 1164 ‘tellum
401 1077 454 1134 lib.
471 1074 504 1132 V.
522 1072 580 1152 [ep.
597 1075 628 1136 2.
650 1073 739 1151 §..8]
760 1069 862 1140 Huius
886 1091 939 1152 ego
964 1075 1132 1130 temeritati
1158 1077 1187 1132 si
1207 1077 1325 1133 uirtute
1383 1081 1384 1124 i

255 1189 258 1198 ’
279 1187 369 1254 etque
388 1177 485 1256 auimo
509 1195 566 1238 not
587 1175 788 1252 restitissem,
807 1175 873 1252 puis
895 1183 995 1247 esset,
1026 1175 1078 1252 pui
1098 1193 1142 1232 me
1161 1177 1194 1233 iu
1217 1193 1326 1234 eonsu-

278 1277 345 1342 15555
363 1296 423 1345 meo
450 1289 508 1334 tros
530 1295 602 1334 eesu
622 1253 962 1370 555555555515555555,
998 1295 1084 1355 pssum
1106 1277 1231 1335 oonsilio
1248 1275 1325 1352 sor·

277 1389 337 1442 usu
343 1378 479 1454 fuisse?
516 1377 641 1437 bisunu.
664 1405 706 1420 ·-
743 1378 823 1445 erse
854 1375 977 1436 fortune
1000 1386 1051 1434 out
1076 1375 1216 1436 felieitste
1238 1379 1324 1453 finnt,

251 1472 256 1481 ’
281 1501 318 1543 eu
336 1483 449 1550 ruinose
468 1483 566 1560 glorio
584 1477 673 1558 digno
692 1490 783 1551 sunt,
797 1498 883 1557 quoru
903 1497 978 1555 quoe
998 1481 1109 1538 virtute
1129 1487 1159 1548 et
1182 1483 1322 1542 oonsilio.

278 1578 382 1663 disque
403 1567 573 1642 Tmothens
592 1582 780 1662 Atheniensis
805 1578 934 1637 Cononis
960 1577 1038 1638 filius
1060 1581 1171 1639 ferehut
1193 1587 1325 1662 graviter

280 1686 318 1745 ob
339 1685 583 1744 obtrectatoribus
607 1683 675 1756 diei,
696 1701 729 1741 eo
748 1683 900 1740 in‘eustris
916 1682 1078 1740 dormiente
1093 1682 1245 1742 fortunam
1262 1687 1323 1744 eir-

282 1805 347 1846 5555
365 1787 450 1847 urbes
472 1786 588 1845 tendere
609 1787 702 1858 retis,
738 1786 769 1842 in
789 1801 862 1859 quoe
881 1771 971 1841 urhss'
986 1785 1067 1859 ipsae
1086 1786 1164 1858 ultro
1188 1787 1323 1846 incurre-

279 1901 359 1951 rent.
394 1891 475 1951 Erat
494 1893 572 1948 eninr
590 1888 665 1947 felix
686 1887 839 1946 admodum
858 1865 897 1964 iri
920 1887 1068 1966 ¹ospiendis
1087 1887 1218 1949 urbibus.
1263 1889 1321 1950 Sed

275 2011 315 2051 55
335 1992 474 2051 felicitate
494 1971 611 2049 tandem¹
633 1989 800 2063 destitutus,
819 1986 857 2046 ox'
873 1988 1077 2066 xurbsleieetus
1096 1994 1166 2048 est·
1186 1989 1321 2050 Fortuna

279 2095 367 2167 enisu,
388 2095 464 2156 unde
485 2093 563 2152 haee·
576 2092 711 2150 851555555-
719 2102 772 2164 et,
792 2091 941 2148 mutabilis
962 2099 1014 2148 est.
1059 2089 1159 2148 Virtus
1178 2111 1249 2150 vero
1266 2096 1322 2153 irn-

274 2197 411 2258 uuortoiis
430 2205 486 2267 est,
505 2213 590 2269 quum
608 2212 625 2250 5
640 2201 825 2252 5555555555
839 2190 1003 2267 philosophi
1025 2193 1182 2251 dixerunt.¹
1209 2193 1270 2254 Si
1262 2198 1322 2275 rgi-

279 2309 327 2355 tur
340 2297 374 2353 P
392 2295 474 2352 Sulis
488 2314 525 2351 ex
540 2295 744 2351 coniuratione
757 2292 888 2364 fuisset,
885 2311 958 2352 eum
974 2311 1038 2349 euru
1054 2291 1156 2352 Cicero
1172 2293 1320 2370 defendat,

193 2389 198 2399 ’
279 2401 333 2476 qui
351 2389 409 2472 ipse
432 2383 663 2454 coniurationem
684 2395 838 2470 oppressit,
857 2371 920 2451 euru
940 2395 1116 2468 oppressisse
1134 2398 1229 2475 iungis
1251 2416 1319 2456 5555

278 2510 309 2556 et
332 2498 469 2555 feiieitste
488 2497 655 2568 videretur,
686 2513 773 2572 qnam
788 2495 909 2551 virtute
935 2501 965 2550 et
989 2495 1132 2571 oonsilio,
1158 2507 1318 2574 propterea

278 2598 379 2684 puod'
379 2617 438 2657 555
459 2607 590 2658 servnret
612 2589 817 2655 constantinus.
855 2595 951 2658 Sne.

365 2717 465 2828 §..82
505 2750 559 2809 boe
580 2752 633 2809 tibi
654 2752 756 2818 sumis.
800 2752 834 2812 Id
857 2761 903 2810 est
913 2771 1082 2854 ,orrogss‚
1102 2761 1150 2828 et,
1173 2764 1206 2813 ut
1229 2757 1320 2836 ruigo

279 2829 390 2927 dieunt,
412 2854 467 2911 hoo
488 2853 522 2911 de
543 2864 573 2913 te
593 2857 762 2932 praesumis.¹
797 2854 934 2920 Sumere
939 2865 969 2912 et
990 2849 1135 2912 assumere
1155 2855 1242 2912 hoo'
1233 2877 1265 2916 sn
1289 2878 1321 2916 re

277 2974 362 3032 saepe
391 2954 547 3013 dicuntur:
585 2966 618 3015 ut
647 2975 699 3034 pro
728 2954 850 3014 Plancio
876 2951 952 3032 [esp.
972 2953 1047 3028 [ξ
1029 2953 1119 3032 ξ.3.]
1151 2947 1240 3014 Mihi
1261 2979 1321 3017 nun

101 3046 104 3063 ⁸
186 3105 190 3112 .
242 3055 356 3117 'sumo
380 3065 514 3129 teutone,
538 3056 661 3132 iudices,
683 3075 772 3134 neque
796 3074 929 3134 arrogo,
952 3065 985 3114 ut
1010 3055 1060 3114 Cu.
1080 3041 1234 3116 Plautium
1254 3063 1321 3118 suis

176 3205 177 3208 ,
275 3177 352 3246 ergo
376 3177 422 3214 me
447 3159 560 3216 eteritis
585 3159 793 3240 irripueritutem
819 3141 1184 3236 consecututum'pntem.
1221 3159 1321 3218 Suu.

365 3259 446 3316 dicet
457 3257 602 3331 fortuite
624 3260 782 3338 quispiam.
800 3255 915 3346 Vulgo
938 3258 965 3314 d.
979 3261 1011 3332 f.
1034 3258 1197 3337 quispiam.
1228 3259 1319 3321 Male.

278 3359 344 3420 Vid.
367 3360 472 3420 bistth.
495 3361 532 3420 ad
554 3377 597 3420 or.
621 3361 728 3438 proS
751 3337 838 3419 Ruso.
860 3363 891 3438 ξ.
912 3361 964 3416 33.
985 3357 1040 3416 Fu.

362 3513 391 3586 ξ.
416 3511 466 3571 85.
513 3463 614 3574 Gieoe
636 3531 702 3572 erse
722 3509 891 3584 videretur,
911 3529 986 3571 eum.
1025 3511 1142 3584 isonis,
1162 3516 1249 3590 qussi
1274 3516 1321 3574 di-

267 3623 344 3672 eat:
382 3615 481 3674 Graue
502 3609 681 3692 5555555555
704 3616 799 3674 videri
817 3607 943 3678 deberet.
995 3613 1069 3687 Sed,
1094 3615 1131 3670 si
1149 3633 1241 3694 grave
1261 3631 1321 3691 est,

277 3715 333 3772 hoo
355 3717 499 3791 omittam,
530 3719 606 3795 quod
627 3719 659 3773 in
681 3717 727 3774 his
750 3717 845 3775 ouusis
874 3714 979 3788 pudori
1001 3733 1065 3772 meo
1088 3715 1229 3786 tribuens,
1254 3736 1320 3776 nnn

278 3815 581 3894 suetorituti3spndo'r
604 3821 679 3876 enim
700 3828 744 3874 est
765 3819 808 3874 ito
828 3797 943 3874 diuers:
965 3833 1024 3872 non
1048 3815 1227 3885 defenderem
1246 3818 1328 3878 Sub.

278 3918 785 3997 ium,sisoniurnsseorbitrore13
813 3917 974 3973 tuotorites
997 3926 1093 3974 esset:
1127 3934 1189 4001 non
1211 3919 1321 3977 defen·

277 4017 389 4093 desem,
417 4021 444 4076 si
469 4013 658 4078 coniurasset.
689 4019 815 4077 Munus.
840 4029 880 4062 '⁴-
911 4017 971 4076 Imo
994 4019 1139 4079 sententio
1159 4029 1221 4076 est:
1247 4037 1320 4080 oum

278 4123 452 4178 auctoritato
479 4121 582 4180 mutue
603 4121 714 4176 dietum
743 4116 902 4183 uideretur.
929 4117 1030 4178 8555.
1059 4149 1103 4163 ·-
1138 4119 1321 4180 Sohnetsius

277 4221 420 4298 explieat:
440 4217 596 4282 molestum
613 4221 679 4280 aliis
693 4219 858 4309 hup-videri
874 4229 982 4300 possut,
1003 4220 1080 4299 quod
1096 4220 1219 4282 nimium
1239 4222 1322 4281 mihi
