2786 5084
140 423 302 597 ⁴opor.
333 466 420 542 ιιιο
448 441 496 540 ιζ
517 471 678 544 sunna.
731 453 827 548 ose.
849 475 975 550 xvm.
1049 487 1092 556 oo

35 657 100 716 eie.
147 653 198 715 soe
219 653 329 730 optime
350 649 463 711 Pithoei
490 649 703 732 eodex;”quod
724 659 883 734 praemium
903 659 979 717 solet
998 662 1087 721 tribui

35 758 173 832 indicio,
201 775 252 814 ren
284 753 533 829 dari-indicibus,
569 753 645 832 quod
674 746 798 818 'vocetur
825 757 971 822 indicina.
1015 763 1088 822 vur-

34 863 123 938 gati,
163 859 242 938 qdod
261 857 396 936 praemii
421 854 496 912 solet
513 874 576 914 esse
601 858 632 914 in
652 857 778 935 indicio,
813 874 964 940 perperam
988 863 1089 924 eadem

12 961 154 1042 'syllaba
177 961 294 1018 iterato.
316 957 438 1017 Guruv.
468 986 511 1001 -
548 956 647 1019 Lami).
670 971 698 1018 et
719 949 832 1021 Munut.
855 974 983 1024 veterem
1002 975 1089 1024 erro·

34 1080 102 1120 rem
134 1063 166 1119 in
196 1060 308 1120 iudicio
331 1060 493 1119 rectissime
512 1072 718 1144 correxerunt,
742 1077 806 1147 eum
830 1051 925 1142 iisque
945 1063 996 1124 dot
1021 1051 1086 1146 eod.

33 1163 133 1225 Berb.
163 1165 194 1223 ιἰι
221 1159 350 1222 indicio:
378 1179 470 1239 neque
497 1169 561 1218 eret
589 1164 699 1220 cansae'·
719 1155 893 1244 quid'quam,
923 1184 975 1224 eur
996 1165 1088 1225 Grae-

34 1265 109 1324 vius
130 1285 209 1337 uno,
230 1283 283 1324 neo
306 1265 432 1341 optimo,
458 1259 550 1320 fultus
573 1259 687 1337 codiee,
708 1238 954 1341 praepositionem
972 1265 1088 1343 deleret,

38 1377 97 1426 aut
119 1385 172 1424 our
193 1366 350 1426 Graevium
372 1381 465 1438 nuper
491 1363 627 1428 Lalisio„
650 1367 731 1423 nullo
752 1366 851 1425 addito
872 1355 1009 1428 MSornm
1031 1367 1089 1430 Pu-

38 1473 95 1530 ris.
115 1468 283 1528 testimonla
305 1474 481 1543 sequeretur.
524 1459 601 1533 Quid
624 1467 699 1526 enim
723 1445 938 1552 consequimur,
959 1470 984 1528 ri
1005 1472 1089 1553 lega-

38 1591 129 1645 nrns,
163 1565 289 1628 introiet
330 1565 477 1625 Nonne
463 1586 495 1622 m
518 1565 628 1624 indicio
658 1575 720 1626 tum
751 1570 839 1646 probe
867 1570 1005 1630 Latinam
1035 1583 1091 1647 est,

37 1685 107 1732 tum
132 1671 232 1760 statim
256 1665 456 1748 intelligituri
489 1665 594 1729 Nonne
616 1669 764 1746 aptissime
790 1669 946 1748 respondet
964 1691 1090 1770 sequen·
1115 1667 1118 1680 ¹

38 1776 141 1847 tibus,
173 1765 252 1850 quod
277 1769 527 1848 turpitudinir'
514 1789 546 1826 m
576 1770 786 1844 reversione?
817 1769 885 1848 [ΟΙι
914 1759 1005 1831 hoo'
997 1793 1090 1850 rpsnm
1131 1791 1137 1806 ⁶

39 1876 124 1955 quod
152 1871 284 1948 seq'uitur
307 1871 339 1927 in
361 1869 546 1944 eoep'osoione
569 1871 685 1928 dixit'
671 1891 701 1929 m
721 1867 832 1956 iidioio
852 1892 905 1966 pro
928 1873 987 1934 dat.
1009 1875 1092 1960 indi-

39 1980 103 2036 os'o
132 1971 204 2064 re]
232 1970 306 2029 Vide
326 1973 431 2031 Asson.
452 1971 488 2028 ud
509 1967 612 2032 Divin.
632 1973 680 2032 ΙΙ.
703 1984 733 2032 et
754 1993 828 2052 quae
848 1995 903 2034 nos
927 1976 987 2052 ibi,
1007 1979 1092 2037 etad
1124 2000 1128 2030 ι

41 2097 112 2157 cap.
135 2075 188 2134 24.
218 2093 270 2151 pro
298 2071 419 2131 Murena
446 2077 623 2136 notavimus.
673 2070 821 2134 Indicium
850 2086 895 2136 est
919 2088 1002 2138 aetus
1030 2080 1093 2176 ipse

40 2181 173 2257 'aliquem
191 2173 349 2249 indicandi,
371 2173 446 2254 qnod
467 2177 517 2252 qui
535 2175 627 2262 iacit,
654 2187 773 2264 accepta
788 2165 851 2260 vtide
873 2177 987 2256 publiea
1007 2197 1094 2255 pree·
1115 2175 1120 2182 ’

12 2343 13 2362 ,
43 2283 139 2342 mium
159 2277 256 2348 habet.
307 2273 341 2337 C.
362 2276 513 2335 Cornelius
538 2277 768 2352 damnationem,
801 2261 889 2358 quam
911 2283 1094 2342 coniuratio·
1170 2293 1175 2308 ⁸

12 2369 14 2480 ,
36 2385 96 2444 ¹nis
117 2383 234 2440 nomino
254 2375 400 2466 subierat,
422 2386 458 2436 ut
480 2378 590 2438 dietum
612 2389 658 2438 ast
678 2399 765 2458 supra
784 2399 847 2459 esp.
869 2383 898 2440 2.
920 2379 965 2460 [ᾗ.
984 2381 1029 2460 6.]
1052 2383 1095 2441 ei·

12 2549 14 2564 ,
46 2485 154 2564 fugere
175 2484 335 2559 potuisset,
356 2499 391 2538 ao
412 2487 560 2556 praeterea
580 2483 732 2556 pecuniam
753 2484 899 2560 accipere,
917 2468 946 2540 si
968 2483 1001 2543 P.
1026 2484 1096 2542 sm-

13 2575 14 2582 *
48 2589 112 2645 lam
130 2586 193 2660 ipse
214 2584 390 2652 indicasset,
417 2591 468 2639 aut
490 2579 613 2653 saltem,
642 2579 794 2662 postquam
817 2583 970 2641 damnatus
990 2570 1096 2654 fuerat,

51 2688 212 2767 proemium
234 2685 296 2743 eius
317 2683 418 2742 indicii
439 2703 540 2762 capere
561 2702 626 2744 oum
645 2703 678 2744 eo
698 2685 893 2742 coniunctum.
905 2684 1099 2759 turpitudine,

52 2807 139 2866 quam
161 2781 326 2844 recusando
357 2803 407 2860 per
430 2781 523 2844 filium
544 2804 604 2844 non
625 2785 743 2845 vitarit.
794 2785 853 2854 Qui
875 2786 952 2843 eninr
975 2804 1007 2842 se
1028 2768 1100 2860 eori-

52 2887 196 2965 iuratum',
230 2899 260 2947 et
288 2887 467 2964 proditorem
495 2886 713 2946 coniuratorum
739 2885 883 2959 fateatur,
915 2870 967 2946 our
988 2869 1100 2946 dubitet

53 2989 169 3068 publioe
189 2987 329 3050 indicium
348 2988 454 3062 faeere,
484 3007 535 3046 eur
557 2990 716 3064 praemium
733 2987 897 3072 negligat?
910 2985 1000 3059 ,Haud
1022 2969 1101 3045 certe

55 3091 94 3148 ab
112 3109 145 3148 ea
167 3109 200 3149 re
221 3091 306 3148 telem
328 3087 474 3147 hominem
497 3089 618 3146 infamio
640 3098 776 3149 revocat:
801 3089 851 3148 sed
870 3090 969 3168 potius
991 3104 1102 3163 poenae

56 3193 161 3264 timor,
188 3208 261 3268 qnae
288 3188 364 3251 falso
389 3189 585 3248 indicentibus
608 3197 671 3248 eret
690 3192 848 3269 proposita.
891 3187 1038 3248 Nimirum
1067 3185 1100 3247 C.

56 3290 210 3350 Cornelius
232 3286 307 3347 nihil
328 3287 467 3347 adversus
494 3287 529 3350 P.
559 3289 671 3348 Sullam
692 3299 825 3368 poterat,
854 3289 933 3370 qnod
964 3291 1103 3349 crimino-

57 3411 121 3452 sum
143 3398 240 3464 esset,
268 3391 390 3451 adferre.
418 3388 584 3449 Generum
950 3401 956 3410 ⁴

143 3491 309 3574 reliquerit·
345 3491 369 3554 l.
390 3513 417 3552 e.
438 3491 571 3549 consulto
591 3492 830 3568 praetermiserit.
869 3469 934 3550 Vid.
956 3489 992 3549 ad
1015 3463 1103 3550 Catil.

57 3597 110 3660 111.
138 3595 169 3672 ξ.
189 3597 239 3656 18.
269 3591 459 3653 Morum-
490 3588 564 3650 Nam
585 3593 612 3649 si
635 3583 804 3656 indiceret
795 3611 873 3690 ipse,
896 3592 1000 3652 indicii
1020 3609 1105 3669 pree·

60 3700 165 3772 mium,
186 3697 217 3760 id
236 3689 282 3758 est'
301 3693 532 3769 absolutionem,
551 3706 795 3794 consequeretur3
818 3714 884 3754 eum
904 3711 974 3754 raro
995 3711 1047 3770 per
1069 3689 1106 3752 fi·

62 3801 134 3858 lium
153 3797 281 3871 indicat,
309 3783 794 3876 praemiumrquuit.Ms1sur.''

145 3901 177 3958 ie
197 3900 394 3976 perfessione.
437 3897 559 3974 Culpam
583 3896 660 3957 enini
680 3894 800 3973 fatetur,
821 3917 886 3958 oum
908 3876 1012 3957 Suiloe
1034 3909 1106 3950 oon·

64 4002 132 4061 sitia
151 4000 208 4058 sibi
237 4011 307 4060 note
336 3997 439 4062 fuisse
448 4000 539 4077 dicit,
571 4003 621 4082 qni
649 3989 830 4082 gladiatores
856 3997 959 4096 Fausti
988 3993 1108 4053 simula·

52 4105 144 4163 'tione
162 4097 200 4158 ad
221 4103 336 4162 eaedem
358 4123 392 4162 aa
413 4104 569 4164 tumultum
591 4104 701 4161 emerit.
729 4101 920 4164 Μιιιιιι.-
946 4095 1005 4158 Sed
1026 4091 1127 4151 vide-¹

67 4216 116 4263 tur
134 4204 234 4282 potius
258 4201 313 4262 hoe
332 4205 477 4282 pertinere
500 4205 537 4264 ad
558 4204 588 4262 id
610 4204 686 4283 quod
705 4215 808 4304 postep
826 4202 934 4314 dieitur
955 4194 1110 4273 Cornelius

71 4305 198 4364 confiteri
220 4323 281 4382 cup
299 4305 348 4363 18.
370 4317 447 4368 extr.
480 4305 640 4366 Sonuere.

865 4393 910 4460 7*
