2806 5088
287 379 331 458 oo
506 383 802 484 unumunurn.
834 385 882 452 uu
914 385 1116 454 crcruou.

287 567 338 624 lo.
370 583 430 643 cup.
453 571 485 625 4.
518 566 548 640 ξ.
574 561 638 640 lu]
671 562 801 622 Senator
825 583 947 624 44444444
964 565 1074 643 populi
1095 573 1205 626 teneto.
1261 565 1350 627 Vide

286 683 360 743 quac
382 662 543 724 nutariad
565 672 639 721 orat.
663 666 801 746 prolege
825 663 923 724 Manil.
940 667 972 726 2.
997 666 1186 726 Gustu.—
1142 683 1378 730 -44444444

284 769 363 846 reip.
386 784 444 825 nors
465 774 567 822 tenere
589 763 744 838 dicuntur,
772 767 905 844 quinon
926 767 1043 842 vitient,
1067 769 1137 846 quid
1157 761 1230 852 reip.
1251 772 1343 830 ratio

286 880 316 926 et
337 869 448 928 utilitas
469 869 606 942 postulet.
644 865 742 928 Buce.

669 1007 820 1127 cir.
880 1052 940 1128 XI.

259 1213 260 1220 '
360 1217 466 1290 sciere
493 1223 528 1272 ut
552 1247 588 1261 -
611 1213 741 1272 voluerit
767 1246 811 1258 -
838 1223 962 1292 cuperet
994 1243 1048 1291 ·'.
1064 1209 1196 1272 haberet.
1249 1213 1341 1280 Peri.

285 1318 430 1383 actionem
451 1313 598 1399 significat
616 1315 653 1371 ad
676 1316 707 1374 id
722 1313 823 1375 solum
844 1323 957 1392 tempus
977 1316 1153 1389 restrictam,
1178 1334 1236 1400 que
1261 1337 1341 1375 con-

284 1417 441 1476 iurationis
470 1418 616 1493 particeps
648 1416 746 1475 factus
770 1418 828 1491 sit,
856 1415 1025 1492 imperfecta
1047 1417 1216 1475 continuam
1238 1421 1342 1475 animi

281 1485 480 1577 affectionem.
524 1513 570 1576 Cf.
596 1517 632 1576 cd
654 1518 741 1582 Rosa.
765 1521 817 1577 44.
845 1518 875 1593 ξ.
896 1518 967 1576 127.
990 1517 1240 1578 Marruuia.—
1273 1517 1339 1576 Pru

284 1619 330 1680 Et
350 1639 433 1698 quem
457 1629 491 1679 tu
514 1617 619 1677 Irarum
640 1617 765 1679 Beckius
794 1623 905 1698 primus
927 1619 1034 1696 optime
1057 1619 1172 1696 scripsit
1200 1617 1340 1697 Ecquem

183 1783 185 1789 ¹
285 1731 319 1779 tu
339 1720 452 1782 Iccrmum
480 1719 535 1780 Fr.

370 1823 567 1883 clarissimum
593 1824 691 1892 cirum
716 1825 856 1916 grueria
863 1821 968 1886 vestri.
1018 1821 1057 1884 Τ.
1084 1817 1227 1882 Manlium
1252 1823 1340 1884 Tor·
1382 1899 1383 1902 Ἴ

285 1937 424 2002 quatum,
461 1926 511 2001 qui
540 1926 660 1982 tertium
692 1923 823 1984 Consul.
836 1922 880 2005 [4.
902 1945 933 1984 ιι.
958 1945 984 1984 4.
1009 1916 1099 1999 issa]
1125 1923 1233 1983 Latino
1252 1925 1337 1986 bello

283 2029 393 2101 filium,
426 2027 477 2106 qui
509 2036 612 2083 contra
640 2045 724 2084 suum
753 2027 879 2086 edictum
901 2033 1104 2124 pugnaverat,
1136 2030 1235 2086 necari
1267 2030 1337 2087 ius·

285 2132 335 2190 sit.
369 2127 498 2188 Msuur.
530 2157 571 2170 ·-
608 2125 646 2185 Τ.
675 2125 817 2188 Manlium
846 2114 1051 2205 Torquatum.
1084 2131 1135 2206 qui
1162 2129 1254 2190 filium
1289 2150 1337 2190 sc-

285 2233 350 2290 curi
370 2231 527 2307 percussit,
549 2213 626 2306 quod
641 2229 756 2287 iniussu
777 2248 831 2288 sno
855 2248 921 2287 cum
939 2219 1024 2288 hoste
1045 2238 1221 2308 pugnasset:
1258 2229 1337 2298 Cum

284 2321 361 2392 euim
387 2349 475 2388 caesa
503 2331 619 2388 cervice
634 2327 732 2402 furca
753 2340 800 2387 ert
820 2350 931 2408 cruor,
967 2341 1028 2388 tum
1056 2329 1143 2390 libero
1166 2343 1337 2409 conquestu

285 2444 408 2496 coortae
435 2450 520 2490 occec
547 2440 633 2505 aunt,
668 2441 703 2490 ut
730 2450 821 2512 neque
841 2433 978 2513 lumentis
1003 2451 1094 2512 neque
1122 2433 1336 2492 execrationi-

250 2567 252 2573 ·
286 2542 338 2600 bue
359 2545 562 2619 parceretur:
596 2543 629 2591 ut
661 2533 763 2595 aitT.
785 2536 886 2594 Livius
908 2534 960 2594 lib
976 2529 1162 2610 V111.[ccp.
1186 2532 1238 2612 7.]
1271 2535 1336 2594 Ν44

266 2642 435 2718 ¹Torquato
464 2634 587 2694 Romam
616 2640 779 2706 revertenti
809 2639 945 2695 iuventus
976 2634 1091 2694 obviam
1117 2633 1269 2732 proiectu
1274 2648 1332 2699 est.

283 2741 326 2802 ut
348 2743 441 2820 igitur
463 2738 599 2811 fuerunt,
622 2740 673 2816 qui
693 2741 874 2818 praeclarum
893 2738 950 2796 hoc
969 2739 1062 2814 patris
1087 2738 1132 2796 tui
1152 2735 1264 2794 iactum
1289 2759 1335 2797 rc·

283 2841 509 2924 prehenderent,
540 2840 585 2896 ita
612 2850 645 2898 tu
674 2840 856 2919 reprehendis
884 2841 992 2902 factum
1024 2837 1214 2917 reipublicae,
1255 2859 1335 2916 quae

253 3011 256 3026 Ι
281 2946 383 3004 hostes
402 2961 471 3006 suos
487 2943 614 3016 necavit,
637 2960 673 2998 ne
695 2943 730 3000 ab
752 2942 790 3000 iis
810 2951 971 2999 necaretur.
986 2938 1079 2998 Srur.
1102 2938 1212 3024 -114
1234 2939 1335 2998 iornra

284 3047 402 3106 dicendi
426 3044 474 3104 Αιι
501 3061 571 3101 vcro
594 3044 655 3104 vid.
677 3063 766 3122 supra
787 3045 854 3102 adn.
874 3042 912 3100 ad
931 3042 962 3117 ἓ.
976 3044 1028 3100 21.
1064 3041 1120 3101 Fu.

300 3229 303 3236 “
369 3203 412 3292 ἦ.
433 3216 485 3276 33.
542 3231 629 3292 quam
656 3233 710 3293 ego
738 3233 795 3272 444
824 3199 975 3290 defugiam
1001 3215 1219 3302 auctoritatem.
1281 3213 1335 3271 Sic

283 3321 391 3381 habent
413 3319 480 3376 iibri
502 3318 736 3396 vulg.1monusc.
758 3325 855 3374 cutem
875 3333 962 3393 quam
983 3333 1037 3392 ego
1058 3313 1229 3391 defugiam
1258 3332 1333 3372 can·

285 3423 399 3483 cianior
419 3439 490 3479 ιιι-4
509 3431 556 3478 est
577 3419 709 3496 antiqua,
730 3430 793 3476 cum
815 3420 856 3475 sit
876 3417 976 3476 eadem
997 3418 1159 3491 sententic3
1182 3415 1334 3504 siguificat

285 3527 363 3585 enim
390 3541 421 3580 sc
449 3540 508 3579 nou
535 3520 674 3598 defugere
700 3521 906 3577 anctoritatem
923 3518 1093 3576 consulatus
1114 3517 1176 3576 rui:
1212 3515 1245 3572 it
1275 3526 1332 3588 est,
1378 3557 1379 3604 3

285 3647 347 3687 non
368 3642 474 3704 negare
496 3643 526 3680 44
547 3631 694 3683 auctorem
714 3639 778 3679 esso
796 3637 896 3678 earum
916 3638 1026 3692 rerum,
1048 3635 1122 3695 quae
1143 3619 1176 3674 in
1195 3620 1333 3674 consula·
1378 3611 1379 3685 i

284 3729 432 3807 tuipsius
455 3733 554 3807 gestae
575 3733 663 3796 sunt3
693 3719 839 3797 defugere
860 3721 937 3778 enim
961 3721 1174 3780 auctoritatem
1194 3727 1254 3790 cst,
1277 3736 1332 3777 nc-

286 3849 375 3912 gcre‚
408 3845 439 3884 se
468 3836 618 3884 auctorem
641 3821 745 3884 fuisse.
795 3819 856 3880 Nos
879 3822 960 3881 Galli
987 3820 1127 3894 dicimus,
1158 3819 1333 3878 deeaucuer.
1377 3887 1378 3898 χ

284 3933 386 4010 Luna.
407 3961 443 3974 -
467 3945 554 4006 quam
569 3944 622 4002 ego
638 3923 792 4002 affugium
808 3923 1029 3983 auctoritatem.
1072 3919 1146 3984 Vere
1166 3930 1195 3979 ct
1215 3923 1333 3980 erudite
1377 3917 1378 3980 i

286 4038 331 4094 sic
350 4031 508 4093 Lambinus
538 4027 670 4085 correxit
693 4045 709 4084 4
728 4025 808 4086 MSis
829 4027 909 4097 auis,
931 4043 1022 4101 neque
1043 4023 1128 4080 aliter
1149 4021 1331 4084 partuum.

286 4139 319 4196 S.
340 4137 453 4195 Victor.
473 4127 559 4190 Grut.
579 4131 667 4186 inuno
690 4127 755 4188 edri.
780 4138 840 4186 tres
862 4135 986 4204 quatuor
1008 4126 1333 4201 antiquaesroceutio-

287 4258 334 4310 uer
356 4240 450 4310 cuim,
478 4251 564 4312 querc
588 4251 640 4313 ego
658 4251 715 4292 uon
731 4226 890 4309 Magium.
913 4215 1055 4294 Gaurus.
1077 4255 1120 4298 γι,
1143 4225 1334 4314 4444441444
