2806 5088
318 379 365 450 66.
536 365 833 442 coimmissa
861 367 910 436 ΙΝ
937 367 1140 438 CICERON.

325 552 441 616 Menti.
455 547 611 628 iunlbgit,
631 546 673 607 Μ.
696 545 805 606 Brutus
821 545 873 606 til.
890 545 928 604 sd
943 545 1060 606 Divers.
1079 549 1130 616 lJ.
1151 545 1196 625 [ἕ.
1211 547 1262 627 3.]
1282 552 1378 629 prsis-

328 672 398 736 ceps
420 650 528 708 dieitur
551 647 727 729 iampridem
747 649 930 734 nocuistis,
956 647 1124 723 caterine,
1138 661 1173 710 st
1193 669 1311 729 spero,
1333 654 1378 708 ci-

311 754 449 816 ‘oitaiin
492 752 586 828 Atque
608 752 662 808 ille
682 749 797 828 quibem
820 750 856 808 tle
872 748 1021 826 Torquato
1042 759 1074 808 et
1086 751 1186 813 Attico
1200 761 1276 810 sunt
1296 755 1376 810 eius·

330 855 426 928 motii,
448 859 490 910 ut
510 852 563 908 olii
583 852 668 910 simul
690 869 756 910 cum
775 853 847 927 ipsis
868 849 1016 928 principes
1046 859 1075 911 ct
1095 852 1234 930 signiferi
1262 855 1375 912 iuven-

329 959 402 1018 tutis
427 963 457 1012 et
477 954 688 1030 equilemense
715 953 881 1030 potuerint:
908 971 1000 1010 unum
1020 962 1117 1010 eutem
1144 974 1163 1011 o
1189 951 1373 1014 censoribus

323 1059 497 1144 principem
519 1054 685 1113 iuventutis
713 1055 855 1112 constitui
885 1064 950 1114 eret
978 1073 1106 1114 necesse.
1156 1053 1204 1114 bic
1231 1058 1268 1114 in
1299 1056 1374 1114 hone

332 1161 498 1240 opinionem
518 1155 640 1216 eibuxit
661 1155 776 1214 obiecto
796 1175 854 1216 vox
875 1156 1026 1234 signifer,
1048 1167 1078 1214 et
1100 1157 1188 1216 dubie
1202 1160 1256 1216 ills
1279 1159 1373 1238 signi-

331 1263 452 1334 ficetio,
480 1276 539 1336 quo
568 1275 652 1334 saepe
676 1258 783 1333 uliquis
809 1260 951 1344 princeps
971 1255 1105 1330 Senatus·
1123 1261 1315 1336 appelletur,
1346 1258 1373 1314 tle

333 1382 391 1443 que
411 1360 499 1420 celeb.
521 1356 696 1438 wesseling.
719 1357 745 1418 l.
767 1361 840 1419 Obs.
862 1362 894 1420 8.
938 1357 1016 1418 lieu
1039 1362 1115 1420 enim
1145 1361 1182 1418 tle
1200 1360 1257 1418 buc
1284 1363 1372 1418 simili

334 1467 430 1528 forme
442 1464 520 1522 rstio
535 1460 637 1521 sordet
649 1480 712 1520 esse
724 1464 915 1524 sentiendum.
952 1460 1048 1522 Meam
1063 1466 1146 1522 volui
1161 1464 1373 1522 dubitationem

336 1584 490 1645 exponere,
511 1581 628 1641 reusque
644 1565 717 1622 sutis
737 1573 801 1623 tuto
819 1563 932 1623 definiri
948 1582 1008 1622 non
1028 1581 1112 1639 posse
1127 1565 1269 1627 urbitror.
1301 1567 1372 1626 Gur.

419 1681 500 1726 mess
529 1661 751 1724 contubernalis
780 1666 811 1722 in
840 1664 1005 1738 consulatu.
1046 1665 1093 1728 lte
1117 1677 1188 1756 tuuc
1210 1686 1279 1726 mos
1307 1677 1372 1739 eret,

335 1781 370 1830 ut
389 1765 778 1842 adolescentes·quotitlisno
799 1767 937 1824 convictu
957 1775 993 1840 ct*
1005 1783 1138 1828 sermone
1158 1769 1314 1828 clerorum
1334 1766 1372 1826 ri·

312 1932 315 1944 ,
336 1887 444 1943 rorum,
465 1867 713 1928 administrantes
730 1866 905 1944 reipubliosc
917 1868 1068 1928 scientium
1086 1872 1286 1947 perciperent.
1330 1869 1370 1928 sie

336 1973 370 2033 1..
383 1970 505 2030 Gellius
530 1966 725 2030 G.Cerboi1is
754 1971 787 2026 in
809 1969 963 2028 comitutu
990 1971 1208 2030 contubernelis
1236 1971 1321 2032 init:
1345 1979 1370 2028 ut

337 2075 372 2134 in
394 2070 486 2130 Bruto
512 2066 593 2147 [esp.
617 2070 670 2130 27.
698 2065 820 2140 §.·1⁰5.
876 2071 928 2132 Sic
950 2069 991 2132 Μ.
1023 2069 1138 2150 Ωιιίἰιι
1168 2075 1205 2142 Q.
1236 2073 1369 2152 Pompeio

337 2172 506 2254 proconsuli
525 2168 740 2232 contubernalis
758 2171 933 2233 instrictus
955 2182 999 2231 est
1018 2172 1182 2252 proiectus:
1200 2177 1290 2234 utin
1307 2185 1369 2235 oret

338 2291 393 2350 pro
412 2274 477 2348 ipso
498 2271 574 2349 [cup.
598 2273 651 2332 30.
674 2271 702 2346 ξ.
724 2271 791 2350 ts}
813 2272 939 2341 bissus.
958 2305 1002 2318 -
1021 2275 1063 2334 Ut
1085 2275 1216 2336 Romsnu
1236 2278 1368 2336 iuventus

337 2375 539 2436 institueretur
556 2373 678 2448 melius,
707 2375 931 2452 clurisslmoruns
951 2379 1081 2440 virorum
1100 2377 1155 2436 filii
1175 2377 1368 2438 adolescentes

284 2525 289 2538 .
338 2481 405 2536 eum
424 2471 597 2533 Consulibus
617 2475 649 2532 in
669 2477 851 2555 prouinciam
871 2475 1138 2552 proficiscebantur,
1158 2489 1210 2538 sut
1232 2477 1307 2538 curn
1328 2483 1367 2539 iis·

340 2577 403 2636 ilem
423 2574 717 2635 Roruue'nieuebont.
766 2577 799 2636 ld
820 2578 967 2658 significet
986 2578 1086 2641 ‚Cicero
1115 2596 1169 2654 pro
1198 2581 1239 2640 Μ.
1277 2582 1366 2643 Coelio

341 2673 375 2755 [l.
395 2675 427 2754 1.]
459 2675 544 2752 Cum,
564 2678 678 2754 iuquit,
693 2677 827 2756 paullum
847 2682 905 2736 inm
926 2677 1044 2740 roboris
1065 2682 1243 2766 accessisset
1265 2683 1366 2753 aetoli,

340 2779 373 2838 iss
391 2776 532 2850 Africam
547 2775 711 2855 profectus
730 2789 797 2852 cst,
822 2777 858 2849 Q.
877 2778 981 2859 Pomp.
1010 2779 1185 2840 Proconsuli
1212 2784 1367 2844 contuber-

341 2871 436 2952 nalis,
468 2878 730 2940 castissimo-viro
766 2890 855 2958 atque
883 2882 976 2941 omnis
1008 2879 1103 2956 officii
1137 2884 1367 2962 diligentissimo.

341 2988 373 3038 et
400 2998 453 3057 pro
481 2977 536 3038 Cn.
562 2978 684 3051 Pluncio
713 2977 789 3057 [esp.
808 2983 853 3038 ll.
883 2981 917 3058 ᾗ.
930 2982 995 3061 27.]
1022 2983 1086 3042 Hic
1117 2995 1164 3044 est
1193 2988 1291 3060 enim,
1326 2987 1367 3067 qui

341 3078 574 3142 dolescentulae
596 3099 660 3138 cum
679 3081 719 3140 Α.
744 3080 896 3161 Torquato
912 3084 1076 3163 profectus
1098 3087 1130 3150 in
1149 3087 1313 3161 Africam,
1335 3091 1367 3146 sie

342 3181 380 3240 eb
412 3181 461 3240 ilio
488 3182 668 3261 gravissimo
690 3193 721 3242 ct
743 3185 932 3242 sanctissimo
960 3188 1028 3246 ciro
1053 3188 1177 3246 dilectos
1196 3199 1259 3260 est,
1294 3201 1328 3248 nt
1346 3199 1367 3247 st

343 3281 526 3342 contubernii
549 3284 734 3344 necessitudo
757 3295 787 3344 ct
807 3285 1015 3348 adolescentuli
1042 3289 1250 3354 nodosissimi
1277 3293 1368 3371 pudor

337 3384 524 3463 postulabat.
554 3383 648 3442 Suus.
672 3417 709 3432 -
740 3384 812 3444 Vide
833 3384 914 3448 cliv.
935 3387 1073 3450 Ennnsr.

427 3504 491 3544 cum
518 3484 651 3565 signifer
673 3489 752 3546 esset
774 3488 944 3548 inventutis.
992 3490 1127 3550 Fortssse
1154 3491 1209 3550 boc
1236 3491 1369 3566 abundet,

302 3645 307 3664 .
344 3603 409 3644 cum
428 3594 585 3666 sequetur:
609 3607 673 3648 cnm
693 3590 846 3668 princeps,
865 3610 929 3648 cnm
944 3603 1063 3668 auctor,
1083 3613 1148 3652 cunt
1163 3594 1310 3672 signifer
1331 3618 1369 3656 es·

246 3719 247 3726 ι
344 3681 390 3745 set
408 3686 581 3745 iuventutis.
604 3688 729 3747 Mettus.
750 3723 793 3734 —
822 3699 910 3771 atque
934 3695 966 3752 in
984 3705 1138 3774 praetura
1149 3695 1281 3769 fuisset.
1323 3701 1370 3758 As·

344 3805 446 3846 sensus
468 3806 532 3847 sunu
550 3789 678 3849 ilenrico
695 3792 852 3870 Stephano,
874 3799 925 3872 qui
947 3797 1017 3856 bsee
1037 3801 1126 3857 verbo
1145 3802 1210 3857 loco
1229 3819 1285 3860 suo
1302 3815 1369 3862 moti

344 3881 504 3962 iudicent,
532 3910 622 3970 euque
648 3895 681 3956 in
707 3913 789 3953 suum
817 3897 913 3955 locum
935 3902 1073 3960 restituit.
1116 3902 1268 3964 Praetereo
1293 3907 1369 3966 verbs

225 4045 226 4054 ,
345 3986 456 4066 aliquot
476 4009 494 4048 e
515 3988 634 4052 librurlo
655 4003 769 4052 criente
790 3997 835 4056 bis
858 3999 968 4077 scripte
979 4004 1107 4077 ,ustuli3
1139 4006 1181 4060 sic
1205 4013 1307 4063 nutem
1327 4005 1369 4062 bs·

345 4091 415 4150 bont
435 4092 505 4152 libri
524 4095 655 4174 vulgetis
684 4088 756 4154 Cum
776 4105 855 4156 esset
876 4117 956 4158 meus
976 4103 1196 4162 contubernalis
1218 4104 1250 4162 in
1272 4125 1369 4164 conss

344 4191 419 4270 lotio
441 4213 505 4256 cum
526 4195 659 4274 signffer
681 4208 760 4278 esset
782 4201 953 4276 iuuentutis,
975 4213 1063 4282 atque
1083 4206 1115 4262 in
1130 4214 1284 4284 praetura
1295 4211 1369 4282 snb
