2786 5084
105 449 111 464 ,
205 373 509 470 coturnos.
538 377 697 478 sonos.
747 405 839 474 cnr.
862 405 972 524 uxo.
1051 417 1112 489 les

3 615 4 618 =
70 609 111 626 -·-
125 657 130 666 ’
145 611 188 626 --
212 594 269 626 ’--
305 582 494 658 rescindere,
530 591 567 640 ut
593 579 677 642 Sulla
704 553 940 663 restitueretur,
975 585 1008 648 S.
1030 612 1059 654 r.
1081 617 1109 656 r,

67 679 135 754 Duo
164 670 227 740 iere
258 699 359 741 versus
387 679 545 744 fuerant'a
567 673 717 762 scriptore⁸
734 685 856 744 librario
879 690 996 768 omiui3
1036 715 1110 774 quos

68 805 122 864 ego
140 785 245 860 partim
268 788 435 846 coniectura
465 787 587 862 ductus,
614 790 721 866 partim
744 789 930 868 abantiquis
953 793 1035 853 libris
1057 797 1109 856 nd-

68 888 165 959 iutus‚
195 891 427 964 repraesentavi:
469 909 570 948 errans
590 885 704 947 scilicet
724 889 861 950 librarius
885 893 920 977 in,
940 898 1107 958 nominibus
1205 939 1209 946 -

69 985 219 1046 Caecilius
240 999 269 1046 et
286 985 458 1071 Caecilium,
482 1008 500 1047 a
524 989 675 1049 Caecilius
696 991 732 1050 ad
749 987 910 1052 Caecilium
933 998 1108 1070 trasilierat:

68 1101 99 1148 ct
123 1091 167 1146 ita
191 1109 306 1148 versum
336 1110 426 1150 unum
454 1093 779 1173 integrum'omissrat,
810 1112 893 1169 quem
915 1075 1109 1158 restituimus.

63 1191 166 1252 Lama.
194 1183 237 1236 '-
272 1191 305 1250 in
325 1211 384 1271 pue
406 1212 440 1252 re
462 1205 508 1252 est
525 1203 654 1273 ‘uterque
675 1193 860 1254 laudandus:
881 1200 1008 1274 primum
1033 1194 1108 1260 Cum

65 1291 172 1368 cilius,
196 1296 248 1372 qui
269 1293 304 1353 id
317 1295 542 1376 promulgarit,
571 1301 601 1356 in
624 1317 680 1378 quo
704 1303 755 1356 res
778 1296 930 1356 iudicatus
951 1293 1109 1378 uidebatur

65 1395 194 1454 coluisse
216 1395 402 1472 rescindere,
433 1405 472 1456 ut'
489 1405 700 1458 statueretur:
737 1395 821 1454 Solle
842 1409 924 1456 recte
946 1401 1108 1480 reprehen-

66 1497 132 1555 dit:
152 1505 253 1555 status
273 1499 359 1558 euim.
398 1497 508 1559 Locum
529 1503 637 1578 aperte
653 1508 821 1575 corruptum
843 1501 884 1557 ita
906 1499 1108 1580 Pantagathus

64 1598 255 1659 restituebats
288 1601 323 1656 in
339 1619 398 1678 quo
420 1619 453 1658 re
473 1609 520 1657 est
540 1601 643 1680 utique
664 1599 830 1658 laudandus
852 1619 914 1679 per
942 1621 1005 1661 enm
1031 1603 1109 1662 Coe·

62 1698 162 1773 cilius,
180 1700 233 1778 qui
246 1701 275 1759 si
286 1702 502 1782 promulgarit,
525 1703 556 1761 in
574 1721 630 1781 quo
648 1721 697 1760 res
713 1702 867 1761 iudicatos
883 1701 1041 1764 uidebatur
1057 1725 1108 1764 coa
1163 1779 1166 1786 Ι

62 1801 157 1860 luisse
170 1803 407 1875 rescinderent
420 1803 637 1880 restitueretur
654 1803 697 1877 S,
712 1813 794 1860 recte
811 1801 1023 1884 reprehendis:
1045 1819 1109 1866 stu-

66 1910 119 1961 tus
138 1903 216 1960 enim
243 1913 297 1960 etc.
332 1901 365 1960 F»
388 1898 508 1961 Unam„
524 1933 567 1948 —·
591 1905 722 1983 primurn
752 1903 901 1962 Caecilius
929 1903 988 1963 etc(
1018 1907 1110 1967 Malui

62 2007 162 2062 locum
177 2014 280 2062 notare
300 2006 439 2063 asterisco
463 2023 548 2083 qoem
563 2006 715 2090 admittere
728 2003 895 2064 Memmiani
912 1997 1020 2066 codicis
1037 2012 1110 2068 scrid

65 2117 182 2184 pteram
199 2089 335 2163 ¹Lambini
365 2099 533 2164 coniectura
560 2107 790 2178 ferruminatam.
839 2105 914 2165 Erat
942 2109 1001 2167 uiri
1027 2099 1111 2187 probi

65 2227 198 2268 seorsum
224 2207 359 2268 exhibere
387 2207 496 2267 codicis
524 2207 589 2268 MSi
610 2209 774 2282 lectionem,
796 2218 826 2267 et
850 2209 1020 2270 sic'deinde
1040 2215 1110 2272 mil)⁴
1208 2286 1211 2292 ,

65 2291 155 2370 iioere
175 2311 381 2370 divinationem
402 2325 495 2370 suam.
531 2311 635 2370 Nostri
651 2311 777 2368 Palatini
800 2321 866 2368 oeto
887 2311 962 2370 nihil
982 2316 1111 2390 variant,

65 2415 126 2472 nisi
148 2412 224 2490 quod
247 2422 320 2488 sept.
344 2411 516 2471 ,Caecilium
558 2399 650 2470 Hans.
675 2411 840 2489 Stephanus
859 2415 960 2471 laudat
981 2434 997 2472 e
1018 2413 1110 2474 MSot

60 2517 196 2598 primum
221 2515 376 2588 Caecilius,
400 2515 452 2591 qui
475 2513 516 2571 id¹
527 2515 658 2593 primum
673 2515 891 2594 promulgavit,
915 2533 973 2592 qno
988 2517 1113 2590 fratris

67 2635 170 2675 cesum
187 2617 285 2673 leuare
295 2625 421 2693 posset:
447 2633 531 2693 quem
548 2601 620 2693 quic
642 2634 691 2674 res
707 2610 858 2673 indicatos
874 2625 930 2674 etc.
952 2617 1030 2693 quod
1044 2611 1114 2677 sane
1175 2597 1178 2603 Ι

67 2711 270 2791 admisissem,
296 2718 323 2774 si
344 2714 495 2793 tale'quid
516 2709 700 2780 offendissem
725 2717 758 2774 in
777 2717 886 2776 nostris
908 2728 959 2776 aut
980 2721 1040 2780 ulla
1062 2739 1112 2777 rea

66 2821 126 2878 teri
148 2817 291 2893 editione3
328 2797 447 2876 interim
476 2837 536 2876 uno
563 2800 646 2876 ¹stare
669 2816 746 2886 illiso
768 2827 797 2877 et
818 2819 873 2898 tali
894 2821 1029 2898 quidem,
1062 2824 1112 2898 qui

64 2937 216 2997 nunquam
236 2919 312 2977 forte
333 2918 392 2987 fuit
411 2922 442 2977 in
464 2937 563 2978 rerum
585 2930 709 2994 natura,
736 2939 797 2978 non
819 2929 864 2978 est
883 2931 1037 2981 nostrum:
1059 2925 1113 2980 vix

66 3025 162 3084 oculis
177 3022 248 3080 meis
262 3017 360 3094 er'edo,
384 3023 489 3080 nerium
509 3031 545 3080 ut
559 3023 678 3103 linguae
689 3023 811 3082 alienae.
833 3019 933 3080 Geor.
955 3051 995 3068 ·-·
1018 3023 1069 3082 Sic
1084 3034 1114 3081 et

62 3125 148 3196 libri,
169 3143 241 3200 quos
264 3129 318 3200 'ego
339 3122 483 3196 consului,
509 3133 544 3180 ut
565 3125 620 3197 illi,
642 3143 714 3202 quos
736 3124 848 3182 evolvit
871 3121 1030 3197 Gruterus,
1054 3127 1114 3183 nisi
1171 3110 1174 3116 .
1228 3117 1231 3124 ¹

63 3225 148 3304 quod
166 3221 270 3281 Dretd.
291 3232 321 3280 et
339 3226 451 3296 primus
471 3221 589 3284 Francii
611 3240 665 3297 pro
682 3222 891 3302 promulgarit
914 3242 983 3300 prae
1009 3243 1040 3281 se
1068 3224 1113 3282 lea
1175 3239 1191 3264 '¹

63 3332 140 3386 rant
165 3321 367 3403 promulgare.
396 3323 521 3385 Gnnsv.
546 3354 589 3369 --
616 3324 689 3383 Cum
717 3327 766 3383 lex
797 3311 957 3400 Calpurnia
988 3326 1023 3383 de
1051 3345 1112 3384 am-

61 3431 134 3489 bitu
154 3435 184 3486 et
207 3427 337 3486 ordinem
357 3425 543 3488 Senatorium
561 3437 591 3486 et
613 3430 659 3486 ius
681 3425 871 3504 petendorum
890 3427 1113 3506 magistratuum

62 3534 119 3603 iis,
142 3529 193 3607 qui
216 3526 345 3586 damnati
366 3539 479 3603 essent,
502 3529 660 3608 adimeret,
683 3525 716 3587 n.
731 3522 874 3588 Caecilius
892 3529 960 3584 trib.
978 3529 1018 3604 pl.
1034 3547 1113 3587 anno

60 3627 191 3694 DCXC.
209 3627 349 3688 Cicerone
362 3628 430 3692 Cor.
444 3623 684 3712 'promulgaverat
699 3631 805 3712 legem,
830 3647 916 3706 quam
938 3638 1035 3688 tamen
1053 3649 1114 3688 non

28 3795 33 3807 ,
61 3733 211 3814 pertulit,
233 3741 267 3788 ut
289 3731 432 3790 &mustis
452 3731 489 3790 de
510 3731 622 3790 ambitu
645 3735 747 3791 liceret
767 3735 874 3790 iterum
898 3739 997 3804 petere
1016 3731 1115 3810 'magi-

11 3890 16 3898 ,
61 3833 294 3910 stratus,·idque
317 3835 348 3891 in
370 3835 496 3916 gratiam
517 3833 549 3890 P.
565 3834 667 3892 Sullae
682 3834 791 3892 ‘fratris
815 3834 872 3910 sui,
894 3816 1023 3904 triennio
1046 3839 1116 3888 ante

62 3939 209 4000 damnati.
251 3937 316 3996 Hoc
332 3937 503 4016 Torquatos
520 3937 685 4012 obiecerat,
708 3951 737 3996 et
757 3935 845 3997 diluit
872 3925 1027 4015 ingeniose
1040 3931 1117 3991 Tul·-

59 4043 136 4101 lius.
176 4039 275 4118 Atque
297 4041 325 4097 in
345 4058 380 4096 en
402 4057 437 4102 re
452 4053 514 4117 per
537 4037 573 4099 L.
602 4039 761 4108 Caecilium
781 4037 865 4098 Sulla
887 4044 1062 4105 demantur,
1084 4033 1117 4089 iu

64 4161 131 4220 que
146 4157 179 4197 re
193 4151 240 4197 est
255 4149 382 4217 uterque
396 4137 570 4200 laudandus.
598 4139 693 4200 Huius
709 4133 918 4220 propositionis
936 4129 1119 4193 confirmatio

63 4243 289 4320 corruptissime
305 4234 424 4322 legitur.
462 4242 619 4302 Lambinus
641 4246 734 4302 multo
753 4238 884 4322 pluribus
904 4223 1013 4308 serbis,
1033 4252 1119 4312 quam

870 4335 891 4403 9
