2806 5088
378 287 898 412 enarradarum·
1113 350 1155 426 ‘s
1197 353 1200 361 ’

70 475 71 482 ¹
102 513 268 594 patefecerit
296 520 386 596 atque
421 513 598 592 oppresserit
632 514 882 590 oooiurationem,
921 519 1011 601 quod.
1032 539 1099 586 eum
1119 523 1153 588 Ρ.
1266 583 1268 590 .

100 619 276 680 Autronium
306 613 461 678 defendere
483 613 627 688 noluerit,
660 615 712 676 sed
735 617 768 676 iu
788 636 856 678 eum
877 621 1081 686 testimonium
1107 630 1153 688 dt.
1178 633 1204 676 w

100 695 198 796 soit,
234 718 269 778 P.
290 718 406 780 Sullam
427 717 641 776 coniurationis
657 736 744 786 reum
763 718 924 793 delendat3
959 719 1066 788 deinde
1086 731 1160 792 assm'

64 848 67 856 1
100 839 242 902 regnare,
268 819 380 905 quod
370 837 403 878 ιιι
427 818 858 898 quostestimoniadixisset,
884 823 1152 893 denuntiassent:

102 921 187 980 Sulla
213 930 329 996 autem,
360 937 445 1002 quem
467 916 614 996 defendit,
649 931 747 999 speret
769 942 800 986 se
822 925 1018 1018 absolutum'
1008 933 1064 1008 rri3
1099 955 1153 1014 po.

100 1031 211 1084 stremo
241 1018 428 1104 peregrinum
462 1019 573 1100 Regem
606 1041 672 1082 enm
706 1026 871 1102 appellavit.
926 1025 1023 1112 Negat
1049 1032 1153 1102 Cicero

39 1133 41 1147 '
100 1125 254 1184 Sullam
244 1143 277 1183 m
304 1123 465 1184 eoniuratis
489 1122 599 1200 inisse,
634 1143 719 1202 quem
747 1127 829 1198 etQ.
852 1126 1027 1194 Hortensius
1050 1136 1152 1202 deien-
1211 1193 1214 1202 .

103 1228 164 1303 dit,
193 1229 220 1286 si
241 1245 339 1286 omnes
359 1227 419 1288 riri
439 1225 511 1284 boni
530 1224 680 1286 defensum
699 1228 823 1304 velunt,
855 1232 909 1310 qui
928 1233 1153 1320 aliumnullum

103 1349 150 1390 ex
174 1301 337 1388 coniuratis
368 1325 581 1418 sicioniorum,
615 1326 673 1387 sibi
699 1329 788 1389 lioere
816 1330 905 1411 dioit,
939 1343 976 1393 ut
1007 1338 1153 1407 defendat.

100 1432 278 1491 Autronium
299 1439 407 1498 autem,
426 1429 498 1510 quit
516 1431 745 1506 coniuraveret,
751 1429 889 1494 deseruit.
932 1435 973 1498 Se
993 1457 1049 1502 nee
1067 1464 1154 1524 pere·
1179 1516 1180 1524 ἵ

97 1523 233 1630 grinum,
268 1551 323 1592 nee
359 1529 468 1614 Regem
505 1549 569 1592 esse
605 1529 741 1592 ostendit.
767 1532 929 1618 (instigat
951 1539 1169 1626 Torquatum,¹

98 1621 179 1716 quod
219 1635 439 1696 eoninrstorum
479 1651 603 1711 poenam
641 1643 827 1718 mortemque
865 1638 985 1722 lugent.
1029 1665 1154 1734 eumque
1259 1723 1261 1726 Ι

98 1735 256 1812 hortatur,
290 1748 326 1798 ut
355 1737 528 1800 mtledieere
562 1736 696 1812 desinat,
728 1754 768 1796 ne
794 1756 826 1798 se
850 1751 941 1822 eogst
966 1747 1153 1826 respondere.

99 1838 163 1900 Nee
190 1837 375 1898 irascendum
404 1857 468 1898 esse
495 1838 553 1914 iis,
590 1839 643 1919 qui
671 1838 780 1898 amieos
810 1835 984 1922 defendant,
1014 1853 1156 1914 ostendit.

98 1941 133 2004 1..
154 1939 288 2004 Gessium
310 1938 535 2018 Allobrogibus,
569 1954 645 2020 qnos
674 1939 708 1999 ia
736 1939 951 2006 coniurationis
980 1953 1153 2019 sotietatem

98 2015 297 2114 sollieitabat,
326 2057 392 2100 eum
413 2041 484 2098 aliis
510 2040 671 2101 ooniurstis
692 2039 727 2100 P.
747 2039 860 2132 Sullem
886 2048 1054 2114 nominasse
1076 2053 1154 2117 Tor.

99 2151 216 2226 quotus
231 2135 319 2202 dixit.
360 2139 396 2200 ld
416 2152 505 2228 negat
524 2139 642 2202 Cieero:
669 2141 720 2202 sed
740 2161 818 2220 enm,
836 2165 904 2209 eum
923 2150 1096 2236 Allobroges
1117 2159 1154 2222 de

98 2245 185 2308 Sulla
204 2243 402 2322 quaesissent,
423 2243 607 2320 respondisse
626 2261 659 2302 se
678 2246 803 2313 nescire.
846 2246 956 2312 Probet
970 2253 1080 2320 falsum
1098 2259 1153 2322 Gi.

98 2365 184 2420 cero,
213 2342 293 2426 quod
312 2341 428 2403 dixerat
449 2339 639 2424 Torquatus,
669 2365 735 2406 eum
754 2347 788 2409 in
809 2348 923 2412 tabulas
944 2357 1076 2433 publiess
1097 2365 1153 2422 sli-

100 2461 148 2506 ter
168 2447 320 2519 retulisse,
355 2448 471 2528 atque
466 2443 628 2506 indicatum
648 2447 698 2509 sit.
748 2445 780 2508 G.
802 2447 936 2513 Cornelii
960 2457 1040 2520 filius
1062 2463 1153 2542 dixit,

98 2549 211 2611 Sullam
246 2549 349 2606 emisse
377 2545 556 2626 gladiatores
581 2548 618 2608 ad
647 2549 763 2608 eaedem
795 2561 825 2612 et
852 2557 1008 2618 tumultum
1038 2563 1152 2625 faoien-

98 2645 179 2711 dum.
231 2645 369 2708 Ostendit
401 2644 503 2708 Cioero
532 2649 647 2710 Sullam
670 2669 721 2712 eas
745 2653 865 2731 emisse,
893 2668 1051 2735 propterea
1071 2668 1153 2748 quod
1243 2669 1246 2676 ’

98 2753 135 2812 ab
163 2770 198 2809 eo
218 2747 345 2808 Faustus
368 2747 464 2808 Sulla
472 2749 517 2808 ita
536 2753 674 2830 petiverit
692 2755 817 2831 litteris,
850 2759 887 2819 ad
908 2781 1015 2824 munus
1034 2771 1153 2850 gladia·
1168 2809 1174 2828 .

92 2854 211 2913 ¹torium
238 2849 367 2909 debitum
400 2853 479 2928 patri
509 2856 725 2930 praestandum.
773 2858 810 2917 P.
832 2856 1022 2927 cinereum
1041 2869 1152 2951 Hispa·
1256 2923 1258 2928 s

97 2955 178 3014 niam
199 2953 370 3011 ulteriorem
392 2951 462 3012 ar.
480 2947 572 3015 Sulla
578 2957 716 3036 missum,
736 2969 772 3020 ut
792 2980 856 3022 eam
875 2967 1021 3030 turbaret.
1042 2955 1079 3034 ab
1101 2995 1152 3034 eo·
1197 2943 1199 2948 V
1304 2991 1310 3010 ·

100 3051 166 3116 dem
187 3053 271 3115 Sulla
292 3055 434 3132 impulsos
452 3055 665 3135 Pompeianos,
697 3069 734 3120 ut
757 3060 796 3120 ad
822 3062 899 3124 bane
917 3073 1152 3137 eoniurationem

99 3151 280 3216 accederent
313 3154 348 3212 1..
367 3153 527 3217 Caecilium
542 3157 626 3220 Trib.
642 3161 720 3239 pleb.
733 3164 862 3226 voluisse
876 3171 978 3248 legem
984 3171 1072 3250 ferre,
1094 3185 1153 3254 qua
1177 3202 1181 3211 ·

1 3281 2 3290 ι
98 3257 131 3316 Ρ.
143 3249 252 3316 Sullae
279 3253 382 3316 fratris
401 3245 543 3348 iuditium
566 3261 601 3321 de
622 3262 735 3324 ambitu
755 3269 949 3347 rescinderet,
978 3257 1152 3360 Torquatus

98 3359 184 3418 dixit.
226 3353 308 3416 Haeo
337 3343 437 3417 omnia
457 3355 559 3419 Cicero
580 3360 711 3439 refutat,
744 3380 903 3453 negatque
916 3373 1098 3456 significasse
1118 3399 1152 3440 se

99 3462 133 3519 in
152 3459 275 3537 epistola
300 3458 339 3519 ad
361 3456 417 3518 Gn.
434 3459 620 3539 Pompeium,
646 3463 790 3532 Sullam
779 3491 812 3530 ιιι
833 3477 930 3552 priore
949 3477 1153 3562 ooniurstione
1213 3511 1215 3523 =
1276 3531 1281 3544 ,

100 3559 208 3636 luisse,
237 3559 317 3642 qnod
339 3561 525 3652 adversarius
547 3559 698 3628 obie'eerat
742 3568 924 3640 concludens
945 3576 1049 3638 Cicero
1071 3579 1152 3642 Deos

98 3662 284 3738 obtestatur,
303 3663 417 3724 Sullam
438 3685 476 3726 ex
494 3669 697 3736 ooniurstione
718 3691 779 3734 non
798 3678 901 3740 feriare.
944 3661 1075 3754 Affectus
1093 3687 1154 3744 mi·

98 3762 258 3824 randum'
248 3785 282 3823 ιιι
307 3761 425 3826 modum
451 3778 559 3830 movet.
610 3773 710 3834 Genus
734 3797 838 3839 eausae
860 3781 1004 3842 iudiciale
1049 3783 1153 3858 Statua

99 3858 316 3927 eonieuturalis.
366 3866 449 3928 Haeo
476 3880 574 3933 autem
601 3893 689 3946 trusa
717 3877 752 3940 L.
773 3879 905 3943 Murena
939 3893 970 3943 et
996 3881 1037 3945 D.
1066 3885 1152 3946 lunio
1253 3889 1259 3894 “

99 3965 223 4026 Sullano
243 3966 329 4028 Cossi
348 3990 410 4030 non
430 3969 538 4032 multis
557 3975 705 4040 mensibus
725 3981 1007 4060 postconsulatum
1031 3984 1153 4046 Cicero·

99 4067 146 4124 nis
167 4077 235 4130 aeta
255 4081 309 4133 est.
349 4071 384 4130 P.
408 4073 522 4136 Sullsm
543 4073 578 4137 in
596 4083 696 4168 priore
708 4081 921 4148 'ooniuratione
941 4089 1050 4167 faiam,
1078 4088 1153 4148 Sue-

102 4169 200 4232 tonius
222 4172 324 4236 seribit
345 4175 377 4236 in
398 4173 523 4254 Creusa
541 4177 695 4248 Dietstore
713 4184 794 4269 [esp.
814 4187 860 4271 ts]
903 4189 982 4280 ldem
1003 4190 1153 4274 signifieat
