2786 5084
289 401 353 472 132
439 473 442 480 1
511 379 808 455 ῦθΜΜΕΝΤΑΒ.
838 378 886 448 ΙΝ
913 378 1117 448 CICERON.

293 533 428 636 nltimam
450 567 528 654 latae
556 558 707 636 fucrant5‘
736 577 831 640 nuper
859 567 956 618 eutem
979 559 1041 634 ait,
1069 573 1131 618 nou
1153 553 1249 614 multo
1272 529 1349 612 ante

293 659 438 766 ultimam.
465 668 590 729 Manum
619 695 663 710 ··-
683 661 737 723 sed
752 679 881 740 pecuum
907 657 1036 718 ambitur
1063 655 1236 731 afferebat.
1293 656 1349 718 Sic

294 777 404 862 babent
423 772 493 832 libri
513 766 705 844 manuscripti
724 761 891 824 Memmiaui
914 772 945 820 et
966 763 1037 824 item
1059 761 1096 834 is,
1117 778 1175 836 quo
1197 777 1272 817 urus
1302 767 1348 814 est

296 877 443 942 Heuricur
463 869 641 950 Stephanus.
663 867 763 926 Laura.
789 893 833 910 -
859 861 988 922 ambitus
1011 879 1075 920 eoos
1086 860 1223 936 ferebat.
1253 861 1349 920 Lam-

296 951 385 1044 binus
413 979 486 1040 citat
506 972 591 1032 codd.
613 972 647 1029 in
666 968 770 1046 quibua
793 967 920 1026 ambitur
942 963 1122 1040 auferebat3
1160 963 1206 1020 ita
1226 963 1310 1020 nulli
1332 981 1348 1018 e

299 1080 427 1155 nostris3
464 1079 563 1152 itaque
591 1075 721 1131 sustineo
743 1089 788 1131 rue
817 1087 883 1128 cum
904 1067 939 1128 P.
958 1065 1104 1128 Manutic.
1133 1064 1285 1126 Gaurum·
1303 1094 1348 1108 -

300 1183 404 1262 Nostri
427 1195 540 1259 quoque
566 1176 636 1234 libri
663 1175 771 1250 „(itcrn
794 1170 859 1230 cod.
882 1165 1004 1246 Barb.)“
1033 1178 1064 1226 et
1092 1167 1236 1226 editiones
1266 1168 1350 1224 anti-

304 1281 380 1368 quae'
391 1279 537 1363 serebat:
568 1297 605 1336 ne
635 1275 729 1334 dicam
751 1277 1018 1352 auferrepoeuum
1037 1271 1091 1332 rix
1111 1271 1232 1338 Latinae
1260 1289 1351 1330 auree

302 1391 390 1451 ferre.
413 1385 538 1444 Garum
560 1408 605 1424 ·-
633 1375 805 1450 auferebat.
856 1373 929 1434 Cum
950 1372 983 1431 P.
1007 1374 1107 1434 Sullae
1130 1375 1194 1430 lana
1216 1373 1351 1448 aliquam

305 1491 440 1553 rideatur
458 1482 566 1542 hebere
588 1478 709 1538 Caecilii
728 1476 997 1554 reprehensionem,
1025 1475 1076 1552 qui
1102 1490 1190 1551 aupra
1216 1493 1234 1532 a
1260 1491 1353 1532 cauea

305 1567 388 1656 finali
410 1587 545 1648 lurdatus
564 1583 671 1656 fuerat,
698 1580 754 1640 lroc
775 1583 882 1640 iterum
902 1587 1058 1638 excusatur
1076 1577 1111 1636 ab
1127 1575 1249 1658 effectis.
1295 1575 1351 1634 Ni-

306 1691 353 1754 br'l
374 1701 470 1750 remea
493 1687 529 1746 dc
550 1685 662 1746 iudicio
677 1679 824 1757 ferebat,
853 1679 908 1740 eccl
928 1697 1055 1760 poenam
1075 1677 1202 1738 ambitur
1226 1678 1352 1753 ausere-

309 1795 371 1868 bat,
392 1807 466 1873 quac
480 1786 553 1862 suit
573 1801 668 1864 nuper
681 1780 887 1863 superioribur
902 1779 1014 1862 legibue
1031 1781 1206 1840 constituto.
1236 1779 1354 1839 Trans·
1389 1817 1390 1824 ι

309 1899 369 1957 itus
391 1895 443 1952 ille
464 1890 500 1948 ab
520 1888 620 1948 Sullae
639 1885 723 1944 laude
743 1885 781 1944 ab
800 1885 1017 1943 excurationem
1030 1881 1162 1955 Caecilii,
1185 1882 1273 1940 nulla
1288 1901 1354 1959 par·
1389 1921 1390 1932 ι

311 1997 402 2058 ticulu
430 1991 562 2062 abiecta,
599 2005 674 2065 quae
698 2005 760 2044 rem
787 1966 942 2062 utramque
972 1989 1173 2057 connecteret,
1205 1984 1355 2041 violentur
1389 2043 1390 2056 χ

312 2097 384 2162 milri
404 2097 485 2157 visua
512 2100 567 2148 est.
619 2086 699 2146 Hinc
716 2086 816 2144 addidi
837 2095 951 2144 tamen:
989 2085 1232 2165 gravissimorum
1262 2087 1356 2143 iuter·
1389 2097 1390 2128 l

313 2208 427 2280 protum
449 2193 652 2260 auctoritatem
674 2197 791 2245 secutur
812 2189 877 2265 lego
909 2184 1089 2258 auferebat,
1116 2203 1210 2263 neque
1242 2184 1355 2244 idcirco

316 2301 352 2360 ab
381 2294 507 2356 oratoris
532 2291 679 2350 contentia
710 2286 837 2346 discedo.
880 2288 958 2355 Quid
989 2289 1066 2345 eninr
1094 2287 1299 2365 superioribus
1329 2299 1356 2346 et

315 2400 442 2464 maxime
460 2392 619 2470 Calpurnia
638 2389 672 2448 C.
689 2389 806 2450 Pisonis
822 2386 961 2448 Consulis
984 2390 1074 2448 latum
1094 2385 1214 2448 fucratl
1237 2399 1278 2463 nt
1299 2410 1358 2450 am·

263 2563 270 2582 .
316 2504 397 2564 bitus
417 2495 603 2562 condemnati
622 2495 751 2552 omnium
772 2490 916 2552 honorum
932 2494 1073 2568 petitione
1093 2501 1123 2549 et
1140 2491 1257 2552 Senatu
1280 2512 1359 2552 cerc-

318 2611 394 2666 rent.
436 2599 515 2668 Quid
541 2588 777 2674 promulgaverat
803 2591 968 2660 Caecilius?
996 2603 1032 2652 ut
1057 2595 1145 2652 iidem
1167 2595 1360 2673 magistratus

318 2714 417 2784 petere
443 2706 583 2778 possent,
614 2699 736 2772 et.iurc
765 2697 975 2776 magistratua,
1008 2714 1092 2772 quern
1126 2709 1362 2773 assequerentur,

319 2809 527 2881 recuperarent
545 2798 659 2858 ordinis
680 2807 859 2856 ornamenta.
900 2797 947 2856 lta
970 2795 1186 2867 eructuarent
1205 2778 1362 2877 rogatione

322 2902 471 2968 auferebat
493 2917 613 2979 poenam
635 2898 776 2971 ambitur,
803 2898 1002 2975 superioribus
1023 2899 1137 2979 legibue
1163 2902 1364 2960 constitutam.

322 3005 510 3085 Fuuuarlut.
531 3030 574 3044 -
598 2999 655 3058 Est
675 3000 826 3056 tamenin
847 2999 980 3058 omuibus
999 2985 1081 3059 libris
1092 2999 1231 3075 flabat,
1263 3010 1295 3060 et
1317 3021 1364 3061 ru-

237 3133 241 3152 .
318 3105 460 3189 periurae
486 3102 566 3179 leger
587 3109 658 3160 aaut
677 3100 776 3176 potine
794 3117 863 3173 ese,
894 3119 968 3178 quae
990 3099 1177 3177 Calpurniam
1197 3111 1365 3160 antecesse-

322 3215 403 3286 runt.
425 3203 522 3264 acer.
549 3231 585 3248 -
601 3199 735 3262 Lambini
756 3201 911 3274 lectionem
931 3201 1035 3275 probat
1057 3201 1144 3261 etiam
1167 3199 1191 3258 F
1193 3243 1201 3257 .
1223 3203 1262 3262 Α.
1281 3203 1364 3268 ,Wol-

324 3309 381 3376 tius
402 3307 440 3365 ab
460 3301 502 3364 Ν
523 3310 613 3380 erstt.
635 3322 702 3384 pag.
728 3303 797 3380 198,
822 3321 951 3382 poenum
972 3299 1133 3378 auferebat
1160 3303 1257 3377 imit,
1289 3305 1367 3384 quob

324 3410 397 3470 benc
419 3407 555 3480 obseurat
576 3402 694 3478 Marcu,
715 3413 750 3463 ut
770 3403 826 3462 lrac
845 3399 1065 3490 ucpououuulp
1083 3403 1185 3465 melius
1206 3407 1370 3484 responde·

326 3519 373 3570 ret
393 3506 576 3588 praecedeuti
591 3504 732 3582 ferebat,
752 3503 805 3566 Fu.

415 3607 620 3689 repertoribus
651 3607 774 3688 legibue.
824 3607 892 3668 Non
919 3609 1010 3668 multo
1038 3617 1108 3668 ente
1133 3609 1181 3668 lex
1209 3605 1371 3686 Calpurnia

329 3709 514 3783 lacesceret,
534 3709 765 3786 praedamnatis
784 3709 820 3768 de
836 3709 946 3769 ambitu
959 3727 1081 3787 poenam
1101 3709 1298 3787 pecuniariam
1322 3714 1371 3770 ed-

330 3813 427 3874 bebat.
448 3811 544 3870 δην.
562 3841 599 3856 -
611 3810 697 3900 '‘puae
712 3791 827 3882 fuerat
846 3795 940 3889 nuper
960 3829 1028 3890 aup.
1049 3811 1105 3889 leg.
1130 3819 1226 3870 court.
1267 3809 1372 3892 Nuper

331 3914 426 3994 possit
450 3913 628 3972 inculcatum
651 3911 760 3986 videri,
791 3920 945 3990 ortumque
972 3933 988 3971 e
1019 3913 1122 3986 primic
1143 3913 1268 3989 syllabis
1290 3918 1373 3974 verbi

330 4001 491 4092 coquentis.
534 4011 667 4090 [Delerit
688 4011 825 4076 Schuetz.
850 4022 989 4092 tanquam
1008 4030 1126 4091 prorsus
1148 4015 1288 4088 afiorum,
1315 4037 1373 4078 ruc-

331 4116 393 4180 ritc
414 4115 595 4192 improbante
616 4111 742 4180 Wolffio.
774 4113 854 4194 Flu]
904 4114 1169 4197 luterpnugendum
1196 4115 1279 4175 forte
1308 4131 1374 4195 port

331 4233 443 4297 nuper,
470 4225 505 4276 nt
529 4217 707 4278 censuerit:
737 4236 811 4297 quse
837 4234 897 4278 uon
927 4229 994 4278 aute
1021 4220 1128 4280 multos
1158 4235 1271 4292 annor,
1307 4233 1373 4280 sure

1386 4269 1388 4318 l

1387 4319 1388 4376 l
